
@article{Yurko1959,
author = {Yurko, G. A. and Barton, J. W. and Parr, J. G.},
doi = {10.1107/S0365110X59002559},
issn = {0365110X},
journal = {Acta Crystallographica},
month = {nov},
number = {11},
pages = {909--911},
publisher = {International Union of Crystallography},
title = {{The crystal structure of \ce{Ti2Ni}}},
url = {http://scripts.iucr.org/cgi-bin/paper?S0365110X59002559},
volume = {12},
year = {1959}
}
@article{Suzuki1999a,
author = {Suzuki, T. and Kamimura, Y. and Kirchner, H. O. K.},
doi = {10.1080/01418619908210383},
file = {:C\:/Users/Rob/Documents/Mendeley Desktop/Suzuki, Kamimura, Kirchner_1999_Plastic homology of bcc metals.pdf:pdf},
isbn = {0141-8610},
issn = {0141-8610},
journal = {Philosophical Magazine A},
month = {jul},
number = {7},
pages = {1629--1642},
title = {{Plastic homology of bcc metals}},
url = {http://www.tandfonline.com/doi/abs/10.1080/01418619908210383},
volume = {79},
year = {1999}
}
@incollection{hirth_lothe_1982_volterra_stress_field,
address = {New York},
author = {Hirth, John Price and Lothe, Jens},
booktitle = {Theory of Dislocations},
chapter = {3},
edition = {2},
pages = {74},
publisher = {John Wiley \& Sons, Ltd},
title = {{The theory of straight dislocations}},
year = {1982}
}
@article{Staroverov2008erratum,
author = {Staroverov, Viktor N. and Scuseria, Gustavo E. and Tao, Jianmin and Perdew, John P.},
doi = {10.1103/PhysRevB.78.239907},
isbn = {1098-0121},
issn = {1098-0121},
journal = {Physical Review B},
month = {dec},
number = {23},
pages = {239907},
pmid = {2497},
title = {{Erratum: Tests of a ladder of density functionals for bulk solids and surfaces [Phys. Rev. B 69 , 075102 (2004)]}},
url = {https://link.aps.org/doi/10.1103/PhysRevB.78.239907},
volume = {78},
year = {2008}
}
@article{Gilman1990,
author = {Gilman, J J and Cunningham, B. J. and Holt, A. C.},
doi = {10.1016/0921-5093(90)90250-7},
issn = {09215093},
journal = {Materials Science and Engineering A},
number = {1},
pages = {39--42},
title = {{Method for monitoring the mechanical state of a material}},
volume = {125},
year = {1990}
}
@article{Yang1988,
author = {Yang, Q. B.},
doi = {10.1080/09500838808203767},
issn = {0950-0839},
journal = {Philosophical Magazine Letters},
month = {mar},
number = {3},
pages = {171--176},
title = {{Structures of \ce{Ti2(Ni,V)} in crystalline and quasicrystalline phases}},
url = {http://www.tandfonline.com/doi/abs/10.1080/09500838808203767},
volume = {57},
year = {1988}
}
@article{Klimker1978,
author = {Klimker, H and Rosen, M},
doi = {10.1016/0304-8853(78)90219-6},
issn = {03048853},
journal = {Journal of Magnetism and Magnetic Materials},
month = {jan},
number = {1-4},
pages = {361--364},
title = {{Elastic properties of polycrystalline rare earth-cobalt laves compounds}},
url = {http://linkinghub.elsevier.com/retrieve/pii/0304885378902196},
volume = {7},
year = {1978}
}
@article{Vitek1970,
author = {V\'itek, V. and Perrin, R. C. and Bowen, D. K.},
doi = {10.1080/14786437008238490},
isbn = {1111111111},
issn = {0031-8086},
journal = {Philosophical Magazine},
month = {may},
number = {173},
pages = {1049--1073},
title = {{The core structure of $^1\!/_2$(1\,1\,1) screw dislocations in b.c.c. crystals}},
volume = {21},
year = {1970}
}
@article{Ewing1899,
author = {Ewing, James A and Rosenhain, Walter},
doi = {10.1098/rspl.1899.0004},
issn = {0370-1662},
journal = {Proceedings of the Royal Society of London (1854-1905)},
pages = {85--90},
title = {{Experiments in Micro-Metallurgy: Effects of Strain. Preliminary Notice}},
url = {http://rspl.royalsocietypublishing.org/cgi/doi/10.1098/rspl.1899.0004},
volume = {65},
year = {1899}
}
@article{Chen2003,
author = {Chen, Kuiying and Zhao, L R and Rodgers, John and Tse, John S},
doi = {10.1088/0022-3727/36/21/021},
issn = {0022-3727},
journal = {Journal of Physics D: Applied Physics},
number = {21},
pages = {2725--2729},
title = {{Alloying effects on elastic properties of TiN-based nitrides}},
volume = {36},
year = {2003}
}
@article{Rudometkina1988,
author = {Rudometkina, M. V. and Seropegin, Yu D and Schvyryaeva, E. E. and Seropegin, 'Yu D. and Schvyryaeva, E. E.},
doi = {10.1016/0022-5088(88)90114-2},
file = {:C\:/Users/Rob/Documents/Mendeley Desktop/Rudometkina et al._1988_Investigation of the ZrVGe system alloys.pdf:pdf},
issn = {00225088},
journal = {Journal of The Less-Common Metals},
month = {mar},
number = {2},
pages = {263--269},
title = {{Investigation of the ZrVGe system alloys}},
url = {http://linkinghub.elsevier.com/retrieve/pii/0022508888901142},
volume = {138},
year = {1988}
}
@article{ASE2017,
author = {{Hjorth Larsen}, Ask and {J\o{}rgen Mortensen}, Jens and Blomqvist, Jakob and Castelli, Ivano E. and Christensen, Rune and Du{\l}ak, M and Friis, Jesper and Groves, Michael N. and Hammer, Bj\ork and Hargus, Cory and Hermes, Eric D and Jennings, Paul C and {Bjerre Jensen}, Peter and Kermode, James and Kitchin, John R and {Leonhard Kolsbjerg}, Esben and Kubal, Joseph and Kaasbjerg, Kristen and Lysgaard, Steen and {Bergmann Maronsson}, J\'{o}n and Maxson, Tristan and Olsen, Thomas and Pastewka, Lars and Peterson, Andrew and Rostgaard, Carsten and Schi\otz, Jakob and Sch\"utt, Ole and Strange, Mikkel and Thygesen, Kristian S and Vegge, Tejs and Vilhelmsen, Lasse and Walter, Michael and Zeng, Zhenhua and Jacobsen, Karsten W and Du{\l}ak, Marcin and Friis, Jesper and Groves, Michael N and Hammer, Bj\ork and Hargus, Cory and Hermes, Eric D and Jennings, Paul C and {Bjerre Jensen}, Peter and Kermode, James and Kitchin, John R and {Leonhard Kolsbjerg}, Esben and Kubal, Joseph and Kaasbjerg, Kristen and Lysgaard, Steen and {Bergmann Maronsson}, J\'{o}n and Maxson, Tristan and Olsen, Thomas and Pastewka, Lars and Peterson, Andrew and Rostgaard, Carsten and Schi\otz, Jakob and Sch\"utt, Ole and Strange, Mikkel and Thygesen, Kristian S and Vegge, Tejs and Vilhelmsen, Lasse and Walter, Michael and Zeng, Zhenhua and Jacobsen, Karsten W},
doi = {10.1088/1361-648X/aa680e},
issn = {0953-8984},
journal = {Journal of Physics: Condensed Matter},
mendeley-groups = {Thesis},
month = {jul},
number = {27},
pages = {273002},
title = {{The atomic simulation environment---a Python library for working with atoms}},
url = {http://stacks.iop.org/0953-8984/29/i=27/a=273002?key=crossref.20f9751653d872507bf6c0cc5737032c},
volume = {29},
year = {2017}
}


@misc{opt_einsum,
author = {Smith, Daniel and St\"{o}ter, Fabian-Robert and McGibbon, Robert T. and Werner, Nils},
doi = {10.5281/zenodo.829918},
title = {{Optimised Einsum: A tensor contraction order optimizer}},
url = {https://github.com/dgasmith/opt_einsum},
year = {2017}
}
@article{Yoshizawa1997a,
author = {Yoshizawa, Masahito and Tamura, Manabu and Ozawa, Michihide and Yoon, Dae-Ho and Sugawara, Hitoshi and Sato, Hideyuki and Ōnuki, Yoshichika},
doi = {10.1143/JPSJ.66.2355},
file = {:C\:/Users/Rob/Documents/Mendeley Desktop/Yoshizawa et al._1997_Static and Dynamic Properties of the Vortices in Single Crystalline ce{CeRu2}.pdf:pdf},
issn = {0031-9015},
journal = {Journal of the Physical Society of Japan},
month = {aug},
number = {8},
pages = {2355--2366},
title = {{Static and Dynamic Properties of the Vortices in Single Crystalline \ce{CeRu2}}},
url = {http://journals.jps.jp/doi/10.1143/JPSJ.66.2355},
volume = {66},
year = {1997}
}


@article{madelung1918,
author = {Madelung, Erwin},
journal = {Physikalische Zeitschrift},
keywords = {madelung},
pages = {524--533},
title = {{Das elektrische Feld in Systemen von regelm\"{a}\ss{}ig angeordneten Punktladungen}},
volume = {19},
year = {1918}
}
@article{Thoma1997,
author = {Thoma, D J J and Chu, F and Peralta, P and Kotula, P G G and Chen, K C C and Mitchell, T E E},
doi = {10.1016/S0921-5093(97)00589-3},
file = {:C\:/Users/Rob/Documents/Mendeley Desktop/Thoma et al._1997_Elastic and mechanical properties of ce{Nb(Cr,V)2} C15 Laves phases.pdf:pdf},
issn = {09215093},
journal = {Materials Science and Engineering: A},
pages = {251--259},
title = {{Elastic and mechanical properties of \ce{Nb(Cr,V)2} C15 Laves phases}},
url = {http://linkinghub.elsevier.com/retrieve/pii/S0921509397005893},
volume = {239-240},
year = {1997}
}
@article{Hong1999a,
author = {Hong, Suklyun and Fu, C.L. and Yoo, M.H.},
doi = {10.1016/S0966-9795(99)00039-4},
issn = {09669795},
journal = {Intermetallics},
keywords = {a,b,elastic properties,laves phase},
month = {oct},
number = {10},
pages = {1169--1172},
title = {{Elastic properties and stacking fault energies of \ce{Cr2Ta}}},
url = {http://linkinghub.elsevier.com/retrieve/pii/S0966979599000394},
volume = {7},
year = {1999}
}
@article{Daw1984,
author = {Daw, Murray S. and Baskes, M. I.},
doi = {10.1103/PhysRevB.29.6443},
isbn = {01631829 (ISSN)},
issn = {0163-1829},
journal = {Physical Review B},
month = {jun},
number = {12},
pages = {6443--6453},
pmid = {21688283},
title = {{Embedded-atom method: Derivation and application to impurities, surfaces, and other defects in metals}},
url = {https://link.aps.org/doi/10.1103/PhysRevB.29.6443},
volume = {29},
year = {1984}
}
@article{Greer2005,
author = {Greer, Julia R. and Oliver, Warren C. and Nix, William D.},
doi = {10.1016/j.actamat.2004.12.031},
isbn = {1359-6454},
issn = {13596454},
journal = {Acta Materialia},
keywords = {Micron scale,Plasticity,Size effect,Strain gradients},
month = {apr},
number = {6},
pages = {1821--1830},
pmid = {168},
title = {{Size dependence of mechanical properties of gold at the micron scale in the absence of strain gradients}},
url = {http://linkinghub.elsevier.com/retrieve/pii/S1359645404007670},
volume = {53},
year = {2005}
}

@article{Chang1966,
author = {Chang, Roger and Graham, L. J.},
doi = {10.1063/1.1707923},
issn = {0021-8979},
journal = {Journal of Applied Physics},
month = {sep},
number = {10},
pages = {3778--3783},
title = {{Low-Temperature Elastic Properties of ZrC and TiC}},
url = {http://aip.scitation.org/doi/10.1063/1.1707923},
volume = {37},
year = {1966}
}
@article{Kamimura2011,
author = {Kamimura, Yasushi and Edagawa, Keiichi and Takeuchi, Shin},
doi = {10.4028/www.scientific.net/KEM.465.97},
isbn = {1662-9795},
issn = {1662-9795},
journal = {Key Engineering Materials},
keywords = {critical resolved shear stress,dislocation,kink-pair formation energy,peierls stress},
month = {jan},
pages = {97--100},
title = {{Peierls Stresses Estimated from CRSS vs. Temperature Curve and Their Relation to the Crystal Structure}},
url = {http://www.scientific.net/KEM.465.97},
volume = {465},
year = {2011}
}
@article{Ohsawa1994,
author = {Ohsawa, K. and Koizumi, H. and Kirchner, H. O. K. and Suzuki, T.},
doi = {10.1080/01418619408242216},
isbn = {0141861940},
issn = {0141-8610},
journal = {Philosophical Magazine A},
month = {jan},
number = {1},
pages = {171--181},
title = {{The critical stress in a discrete Peierls--Nabarro model}},
volume = {69},
year = {1994}
}
@misc{Jones2001,
annote = {[Online; accessed ]},
author = {Jones, Eric and Oliphant, Travis and Peterson, Pearu and Others},
title = {{{SciPy}: Open source scientific tools for {Python}}},
url = {http://www.scipy.org/},
year = {2001}
}
@article{Haasen1985,
author = {Haasen, P.},
doi = {10.1179/026708385790123766},
isbn = {0904357740},
issn = {02670836},
journal = {Materials Science and Technology},
month = {dec},
number = {12},
pages = {1013--1024},
title = {{Dislocations and the plasticity of ionic crystals}},
url = {http://openurl.ingenta.com/content/xref?genre=article&issn=0267-0836&volume=1&issue=12&spage=1013},
volume = {1},
year = {1985}
}
@article{Ohta2003,
author = {Ohta, T and Nakagawa, Y and Kaneno, Y},
doi = {10.1023/A:1021807519728},
file = {:C\:/Users/Rob/Documents/Mendeley Desktop/Ohta, Nakagawa, Kaneno_2003_Microstructures and mechanical properties of ce{NbCr2} and ce{ZrCr2} Laves phase alloys prepared by powder m.pdf:pdf},
issn = {00222461},
journal = {Journal of materials {\ldots}},
pages = {657--665},
title = {{Microstructures and mechanical properties of \ce{NbCr2} and \ce{ZrCr2} Laves phase alloys prepared by powder metallurgy}},
url = {http://www.springerlink.com/index/U9V546028564K707.pdf},
volume = {8},
year = {2003}
}


@article{Shein2008,
archivePrefix = {arXiv},
arxivId = {0804.0897},
author = {Shein, Igor R and Ivanovskii, Alexander L},
doi = {10.1088/0953-8984/20/41/415218},
eprint = {0804.0897},
issn = {0953-8984},
journal = {Journal of Physics: Condensed Matter},
number = {41},
pages = {415218},
title = {{Elastic properties of mono- and polycrystalline hexagonal \ce{AlB2}-like diborides of s, p and d metals from first-principles calculations}},
url = {http://iopscience.iop.org/0953-8984/20/41/415218},
volume = {20},
year = {2008}
}
@article{Ito2001,
author = {Ito, K. and Ihara, K. and Tanaka, K. and Fujikura, M. and Yamaguchi, M.},
doi = {10.1016/S0966-9795(01)00049-8},
isbn = {0966-9795},
issn = {09669795},
journal = {Intermetallics},
keywords = {A. molybdenum silicides,B. elastic properties,B. electrical resistance and other electrical prop,B. mechanical properties at high temperatures,B. thermal properties},
number = {7},
pages = {591--602},
title = {{Physical and mechanical properties of single crystals of the T2 phase in the Mo-Si-B system}},
url = {http://linkinghub.elsevier.com/retrieve/pii/S0966979501000498},
volume = {9},
year = {2001}
}
@article{Williams1962,
author = {Williams, Wendell S. and Schaal, R. D.},
doi = {10.1063/1.1777197},
isbn = {0021-8979},
issn = {0021-8979},
journal = {Journal of Applied Physics},
month = {mar},
number = {3},
pages = {955--962},
title = {{Elastic Deformation, Plastic Flow, and Dislocations in Single Crystals of Titanium Carbide}},
url = {http://aip.scitation.org/doi/10.1063/1.1777197},
volume = {33},
year = {1962}
}
@article{Yurko1962,
author = {Yurko, G. A. and Barton, J. W. and Parr, J. G.},
doi = {10.1107/S0365110X62003448},
issn = {0365-110X},
journal = {Acta Crystallographica},
month = {dec},
number = {12},
pages = {1309--1309},
publisher = {International Union of Crystallography},
title = {{The crystal structure of Ti <sub>2</sub> Ni (a correction)}},
url = {http://scripts.iucr.org/cgi-bin/paper?S0365110X62003448},
volume = {15},
year = {1962}
}
@article{Aryal2014,
author = {Aryal, Sitaram and Sakidja, Ridwan and Barsoum, M W and Ching, Wai-Yim},
doi = {10.1002/pssb.201451226},
issn = {03701972},
journal = {physica status solidi (b)},
month = {aug},
number = {8},
pages = {1480--1497},
title = {{A genomic approach to the stability, elastic, and electronic properties of the MAX phases}},
url = {http://doi.wiley.com/10.1002/pssb.201451226},
volume = {251},
year = {2014}
}
@article{Jones1924,
author = {Jones, J. E.},
doi = {10.1098/rspa.1924.0082},
issn = {1364-5021},
journal = {Proceedings of the Royal Society A: Mathematical, Physical and Engineering Sciences},
month = {oct},
number = {738},
pages = {463--477},
title = {{On the Determination of Molecular Fields. II. From the Equation of State of a Gas}},
url = {http://rspa.royalsocietypublishing.org/cgi/doi/10.1098/rspa.1924.0082},
volume = {106},
year = {1924}
}
@article{Momma2011,
author = {Momma, Koichi and Izumi, Fujio},
doi = {10.1107/S0021889811038970},
file = {:C\:/Users/Rob/Documents/Mendeley Desktop/Momma, Izumi_2011_VESTA 3 for three-dimensional visualization of crystal, volumetric and morphology data.pdf:pdf},
isbn = {0021-8898},
issn = {0021-8898},
journal = {Journal of Applied Crystallography},
keywords = {VESTA 3,Voronoi tessellation,computer programs,data visualization,electronic state calculations},
month = {dec},
number = {6},
pages = {1272--1276},
publisher = {International Union of Crystallography},
title = {{VESTA 3 for three-dimensional visualization of crystal, volumetric and morphology data}},
url = {http://scripts.iucr.org/cgi-bin/paper?S0021889811038970},
volume = {44},
year = {2011}
}
@article{soler2002,
author = {Soler, Jos{\'{e}} M. and Artacho, Emilio and Gale, Julian D. and Garc{\'{i}}a, Alberto and Junquera, Javier and Ordej{\'{o}}n, Pablo and S{\'{a}}nchez-Portal, Daniel},
doi = {10.1088/0953-8984/14/11/302},
isbn = {0953-8984},
issn = {0953-8984},
journal = {Journal of Physics: Condensed Matter},
number = {11},
pages = {2745--2779},
title = {{The SIESTA method for \emph{ab initio} order-N materials simulation}},
url = {http://stacks.iop.org/0953-8984/14/i=11/a=302?key=crossref.8ed2406c09184bcd143191af26e9f492},
volume = {14},
year = {2002}
}
@article{Yoshizawa1997,
author = {Yoshizawa, Masahito and Tamura, Manabu and Ozawa, Michihide and Yoon, Dae-Ho and Sugawara, Hitoshi and Sato, Hideyuki and Ōnuki, Yoshichika},
doi = {10.1143/JPSJ.66.2355},
issn = {0031-9015},
journal = {Journal of the Physical Society of Japan},
month = {aug},
number = {8},
pages = {2355--2366},
title = {{Static and Dynamic Properties of the Vortices in Single Crystalline \ce{CeRu2}}},
url = {http://journals.jps.jp/doi/abs/10.1143/JPSJ.66.2355 http://journals.jps.jp/doi/10.1143/JPSJ.66.2355},
volume = {66},
year = {1997}
}
@article{Gogotsi2003a,
author = {Gogotsi, George A.},
doi = {10.1016/S0272-8842(02)00230-4},
file = {:C\:/Users/Rob/Documents/Mendeley Desktop/Gogotsi_2003_Fracture toughness of ceramics and ceramic composites.pdf:pdf},
isbn = {0272-8842},
issn = {02728842},
journal = {Ceramics International},
keywords = {B. Composites,B. Spectroscopy,C. Fracture,C. Toughness,Ceramics,SEVNB-method},
number = {7},
pages = {777--784},
title = {{Fracture toughness of ceramics and ceramic composites}},
volume = {29},
year = {2003}
}
@article{Lu2000peierls,
author = {Lu, Gang and Kioussis, Nicholas and Bulatov, Vasily V. and Kaxiras, Efthimios},
doi = {10.1080/09500830050143778},
issn = {0950-0839},
journal = {Philosophical Magazine Letters},
month = {oct},
number = {10},
pages = {675--682},
publisher = {Taylor & Francis Group},
title = {{The Peierls-Nabarro model revisited}},
url = {http://www.tandfonline.com/doi/abs/10.1080/09500830050143778},
volume = {80},
year = {2000}
}
@article{Hu2006,
author = {Hu, Qing Miao and Yang, Rui},
doi = {10.1016/j.cossms.2006.02.002},
isbn = {1359-0286},
issn = {13590286},
journal = {Current Opinion in Solid State and Materials Science},
keywords = {Elastic modulus,First-principles methods,Ideal strength,Lattice defects,Mechanical properties},
number = {1},
pages = {19--25},
title = {{Mechanical properties of structural materials from first-principles}},
volume = {10},
year = {2006}
}
@article{Knowles2015a,
author = {Knowles, Kevin M. and Howie, Philip R.},
doi = {10.1007/s10659-014-9506-1},
file = {:C\:/Users/Rob/Documents/Mendeley Desktop/Knowles, Howie_2015_The Directional Dependence of Elastic Stiffness and Compliance Shear Coefficients and Shear Moduli in Cubic Material.pdf:pdf},
issn = {15732681},
journal = {Journal of Elasticity},
keywords = {Anisotropy,Cubic materials,Elasticity,Shear moduli,Tensor algebra},
number = {1},
pages = {87--108},
title = {{The Directional Dependence of Elastic Stiffness and Compliance Shear Coefficients and Shear Moduli in Cubic Materials}},
volume = {120},
year = {2015}
}
@article{Zimmerman2000,
author = {Zimmerman, Jonathan A and Gao, Huajian and Abraham, Farid F},
doi = {10.1088/0965-0393/8/2/302},
issn = {0965-0393},
journal = {Modelling and Simulation in Materials Science and Engineering},
number = {2},
pages = {103--115},
title = {{Generalized stacking fault energies for embedded atom FCC metals}},
volume = {8},
year = {2000}
}
@article{Yu2009a,
author = {Yu, Wei Yang and Wang, Na and Xiao, Xiao Bing and Tang, Bi Yu and Peng, Li Ming and Ding, Wen Jiang},
doi = {10.1016/j.solidstatesciences.2009.04.017},
issn = {12932558},
journal = {Solid State Sciences},
keywords = {Binary Laves phase,Elastic constants,Electronic structure,First-principles,Mechanical properties,Mg-Al-Ca alloy},
number = {8},
pages = {1400--1407},
publisher = {Elsevier Masson SAS},
title = {{First-principles investigation of the binary \ce{AB2} type Laves phase in Mg-Al-Ca alloy: Electronic structure and elastic properties}},
url = {http://dx.doi.org/10.1016/j.solidstatesciences.2009.04.017},
volume = {11},
year = {2009}
}
@article{Khazaei2014,
author = {Khazaei, Mohammad and Arai, Masao and Sasaki, Taizo and Estili, Mehdi and Sakka, Yoshio},
doi = {10.1088/0953-8984/26/50/505503},
isbn = {0953-8984},
issn = {1361-648X},
journal = {Journal of physics. Condensed matter : an Institute of Physics journal},
number = {50},
pages = {505503},
pmid = {25419878},
title = {{Trends in electronic structures and structural properties of MAX phases: a first-principles study on \ce{M2AlC} (M = Sc, Ti, Cr, Zr, Nb, Mo, Hf, or Ta), \ce{M2AlN}, and hypothetical \ce{M2AlB} phases.}},
volume = {26},
year = {2014}
}
@article{Moriarty2002,
author = {Moriarty, John A. and Vitek, Vaclav and Bulatov, Vasily V. and Yip, Sidney},
doi = {10.1023/A:1026022602578},
isbn = {0928-1045},
issn = {09281045},
journal = {Journal of Computer-Aided Materials Design},
keywords = {Atomistic simulation,Defects,Dislocations,Elasticity,Multiscale modeling,Plasticity,Strength},
number = {2},
pages = {99--132},
title = {{Atomistic simulations of dislocations and defects}},
volume = {9},
year = {2002}
}
@phdthesis{Thompson2017,
author = {Thompson, Robert P},
file = {:C\:/Users/Rob/Documents/Mendeley Desktop/Thompson_2017_Plastic Deformation in Complex Crystal Structures.pdf:pdf},
number = {December},
school = {University Of Cambridge},
title = {{Plastic Deformation in Complex Crystal Structures}},
type = {PhD Thesis},
year = {2017}
}
@article{Guitton2014,
author = {Guitton, Antoine and Joulain, Anne and Thilly, Ludovic and Tromas, Christophe},
doi = {10.1038/srep06358},
issn = {2045-2322},
journal = {Scientific reports},
keywords = {evidence of dislocation cross-slip,in max,mechanical properties,structural properties},
pages = {6358},
pmid = {25220949},
title = {{Evidence of dislocation cross-slip in MAX phase deformed at high temperature.}},
volume = {4},
year = {2014}
}
@article{Schiltz1974,
author = {Schiltz, R. J. and Smith, J. F.},
doi = {10.1063/1.1663118},
issn = {0021-8979},
journal = {Journal of Applied Physics},
month = {nov},
number = {11},
pages = {4681--4685},
title = {{Elastic constants of some \emph{M}\ce{Al2} single crystals}},
url = {http://aip.scitation.org/doi/10.1063/1.1663118},
volume = {45},
year = {1974}
}
@article{Luersen2004a,
author = {Luersen, Marco A. and {Le Riche}, Rodolphe},
doi = {10.1016/j.compstruc.2004.03.072},
isbn = {0948749849},
issn = {00457949},
journal = {Computers and Structures},
keywords = {Composite laminate design,Global optimization,Nelder-Mead},
number = {23-26},
pages = {2251--2260},
title = {{Globalized nelder-mead method for engineering optimization}},
volume = {82},
year = {2004}
}
@article{Clegg2006,
author = {Clegg, W.J. and Vandeperre, L. and Pitchford, J.E.},
doi = {10.4028/www.scientific.net/KEM.317-318.271},
isbn = {978-0-87849-401-9},
issn = {1662-9795},
journal = {Key Engineering Materials},
pages = {271--276},
title = {{Energy Changes and the Lattice Resistance}},
url = {http://www.scientific.net/KEM.317-318.271},
volume = {317-318},
year = {2006}
}
@article{Troullier1991,
author = {Troullier, N. and Martins, Jos{\'{e}} Lur\'is},
doi = {10.1103/PhysRevB.43.1993},
isbn = {0163-1829},
issn = {0163-1829},
journal = {Physical Review B},
month = {jan},
number = {3},
pages = {1993--2006},
pmid = {9996554},
title = {{Efficient pseudopotentials for plane-wave calculations}},
url = {https://link.aps.org/doi/10.1103/PhysRevB.43.1993},
volume = {43},
year = {1991}
}
@incollection{kelly_knowles2012chapter5_tensors,
address = {Chichester, UK},
author = {Kelly, Anthony and Knowles, Kevin M},
booktitle = {Crystallography and Crystal Defects},
chapter = {5},
doi = {10.1002/9781119961468.ch5},
edition = {2},
pages = {141--163},
publisher = {John Wiley \& Sons, Ltd},
title = {{Tensors}},
year = {2012}
}
@article{Hong1999,
author = {Hong, Suklyun and Fu, C.L.},
doi = {10.1016/S0966-9795(98)00005-3},
isbn = {0966-9795},
issn = {09669795},
journal = {Intermetallics},
keywords = {a,b,cr 2 nb laves,elastic properties,first-principles calculations,flapw,phase stability,phases},
month = {jan},
number = {1},
pages = {5--9},
title = {{Phase stability and elastic moduli of \ce{Cr2Nb} by first-principles calculations}},
url = {http://linkinghub.elsevier.com/retrieve/pii/S0966979598000053},
volume = {7},
year = {1999}
}
@article{Pugh1954,
author = {Pugh, S.F.},
doi = {10.1080/14786440808520496},
isbn = {0031-8086},
issn = {1941-5982},
journal = {The London, Edinburgh, and Dublin Philosophical Magazine and Journal of Science},
month = {aug},
number = {367},
pages = {823--843},
title = {{XCII. Relations between the elastic moduli and the plastic properties of polycrystalline pure metals}},
url = {http://www.tandfonline.com/doi/abs/10.1080/14786440808520496},
volume = {45},
year = {1954}
}
@article{Xing2017,
author = {Xing, Hui and Dong, Anping and Huang, Jian and Zhang, Jiao and Sun, Baode},
doi = {10.1016/j.jmst.2017.11.038},
file = {:C\:/Users/Rob/Documents/Mendeley Desktop/Xing et al._2017_Revisiting intrinsic brittleness and deformation behavior of B2 NiAl intermetallic compound A first-principles study.pdf:pdf},
issn = {10050302},
journal = {Journal of Materials Science and Technology},
keywords = {Computer simulation,Intermetallics,Mechanical properties},
month = {nov},
publisher = {The editorial office of Journal of Materials Science & Technology},
title = {{Revisiting intrinsic brittleness and deformation behavior of B2 NiAl intermetallic compound: A first-principles study}},
url = {http://dx.doi.org/10.1016/j.jmst.2017.11.038 http://linkinghub.elsevier.com/retrieve/pii/S1005030217303018},
year = {2017}
}
@article{Yadav2014,
author = {Yadav, S.K. and Ramprasad, R. and Misra, A. and Liu, X.-Y.},
doi = {10.1016/j.actamat.2014.04.047},
issn = {13596454},
journal = {Acta Materialia},
month = {aug},
pages = {268--277},
publisher = {Acta Materialia Inc.},
title = {{Core structure and Peierls stress of edge and screw dislocations in TiN: A density functional theory study}},
url = {http://dx.doi.org/10.1016/j.actamat.2014.04.047 http://linkinghub.elsevier.com/retrieve/pii/S1359645414002985},
volume = {74},
year = {2014}
}
@article{Foreman1951,
author = {Foreman, A J and Jaswon, M A and Wood, J K},
doi = {10.1088/0370-1298/64/2/307},
isbn = {0370-1298},
issn = {0370-1298},
journal = {Proceedings of the Physical Society. Section A},
month = {feb},
number = {2},
pages = {156--163},
title = {{Factors Controlling Dislocation Widths}},
url = {http://stacks.iop.org/0370-1298/64/i=2/a=307?key=crossref.98a7b912a4515eb7b162739697faf6e2},
volume = {64},
year = {1951}
}
@article{Miracle1983,
author = {Miracle, Daniel B. and Lipsitt, Harry A.},
doi = {10.1111/j.1151-2916.1983.tb10098.x},
isbn = {1551-2916},
issn = {0002-7820},
journal = {Journal of the American Ceramic Society},
month = {aug},
number = {8},
pages = {592--597},
title = {{Mechanical Properties of Fine-Grained Substoichiomebic Titanium Carbide}},
url = {http://doi.wiley.com/10.1111/j.1151-2916.1983.tb10098.x},
volume = {66},
year = {1983}
}
@article{Schallamach1966,
author = {Schallamach, A.},
doi = {10.1016/0043-1648(63)90206-0},
file = {:C\:/Users/Rob/Documents/Mendeley Desktop/Schallamach_1963_A theory of dynamic rubber friction.pdf:pdf},
isbn = {0043-1648},
issn = {00431648},
journal = {Wear},
month = {sep},
number = {5},
pages = {375--382},
title = {{A theory of dynamic rubber friction}},
url = {http://linkinghub.elsevier.com/retrieve/pii/0043164863902060},
volume = {6},
year = {1963}
}
@article{Yakoubi2012,
author = {Yakoubi, A. and Baraka, O. and Bouhafs, B.},
doi = {10.1016/j.rinp.2012.06.001},
isbn = {2211-3797},
issn = {22113797},
journal = {Results in Physics},
keywords = {density functional theory},
pages = {58--65},
publisher = {Elsevier B.V.},
title = {{Structural and electronic properties of the Laves phase based on rare earth type BaM2 (M=Rh, Pd, Pt)}},
url = {http://linkinghub.elsevier.com/retrieve/pii/S2211379712000137},
volume = {2},
year = {2012}
}
@article{Sygnatowicz2015,
author = {Sygnatowicz, Michael and Cutler, Raymond A. and Shetty, Dinesh K.},
doi = {10.1111/jace.13635},
editor = {Hsueh, C.-H.},
issn = {15512916},
journal = {Journal of the American Ceramic Society},
month = {aug},
number = {8},
pages = {2601--2608},
title = {{$\zeta$-\ce{Ta4C_{3-x}}: A High Fracture Toughness Carbide with Rising-Crack-Growth-Resistance (R-Curve) Behavior}},
url = {http://doi.wiley.com/10.1111/jace.13635},
volume = {98},
year = {2015}
}
@article{Leibfried1949,
author = {Leibfried, G\"{u}nther and L\"{u}cke, Kurt},
doi = {10.1007/BF01669489},
issn = {1434-6001},
journal = {Zeitschrift f{\"{u}}r Physik},
month = {may},
number = {5},
pages = {450--464},
title = {{\"{U}ber das Spannungsfeld einer Versetzung}},
url = {http://link.springer.com/10.1007/BF01669489},
volume = {126},
year = {1949}
}
@article{Barsoum1999dislocs_kinkbands,
author = {Barsoum, M. W. and Farber, L. and El-Raghy, T.},
doi = {10.1007/s11661-999-0172-z},
isbn = {1073-5623},
issn = {1073-5623},
journal = {Metallurgical and Materials Transactions A},
month = {jul},
number = {7},
pages = {1727--1738},
title = {{Dislocations, kink bands, and room-temperature plasticity of \ce{Ti3SiC2}}},
volume = {30},
year = {1999}
}
@article{Edwards1996,
author = {Edwards, Sam},
doi = {10.1063/1.2807521},
isbn = {9783662103319},
issn = {0031-9228},
journal = {Physics Today},
number = {2},
pages = {74--75},
title = {{Rudolph E. Peierls}},
volume = {49},
year = {1996}
}
@article{Wolf1997,
author = {Wolf, B and Hinkel, C and Holtmeier, S and Wichert, D and Kouroudis, I and Bruls, G and L\"uthi, B and Hedo, M and Inada, Y. and Yamamoto, E. and Haga, Y. and Onuki, Y.},
doi = {10.1007/BF02397466},
issn = {0022-2291},
journal = {Journal of Low Temperature Physics},
month = {may},
number = {3-4},
pages = {421--441},
title = {{Elastic properties of \ce{CeRu2}}},
url = {http://link.springer.com/10.1007/BF02397466},
volume = {107},
year = {1997}
}
@article{Christian1983,
author = {Christian, J. W.},
doi = {10.1007/BF02664806},
isbn = {1073-5623},
issn = {0360-2133},
journal = {Metallurgical Transactions A},
month = {jul},
number = {7},
pages = {1237--1256},
title = {{Some surprising features of the plastic deformation of body-centered cubic metals and alloys}},
url = {http://link.springer.com/10.1007/BF02664806},
volume = {14A},
year = {1983}
}
@article{Yoo1981,
author = {Yoo, M. H.},
doi = {10.1007/BF02648537},
isbn = {0311040950},
issn = {03602133},
journal = {Metallurgical Transactions A},
number = {3},
pages = {409--418},
title = {{Slip, twinning, and fracture in hexagonal close-packed metals}},
volume = {12},
year = {1981}
}
@incollection{hirth_lothe1982volterra_displacements,
address = {New York},
author = {Hirth, John Price and Lothe, Jens},
booktitle = {Theory of Dislocations},
chapter = {3},
edition = {2},
pages = {75},
publisher = {John Wiley \& Sons, Ltd},
title = {{The theory of straight dislocations}},
year = {1982}
}
@article{Hardy2009,
author = {Hardy, David J. and Stone, John E. and Schulten, Klaus},
doi = {10.1016/j.parco.2008.12.005},
isbn = {0167-8191},
issn = {01678191},
journal = {Parallel Computing},
keywords = {Electrostatics,GPU computing,Molecular dynamics,Molecular modeling,Multilevel summation},
month = {mar},
number = {3},
pages = {164--177},
pmid = {20161132},
publisher = {Elsevier B.V.},
title = {{Multilevel summation of electrostatic potentials using graphics processing units}},
url = {http://linkinghub.elsevier.com/retrieve/pii/S0167819108001427},
volume = {35},
year = {2009}
}
@article{Suzuki1996,
author = {Suzuki, Takashi and Goshima, Hiroshi and Sakita, Shigenobu and Fujita, Toshizo and Hedo, Masato and Inada, Yoshihiko and Yamamoto, Etsuji and Haga, Yoshinori and Ōnuki, Yoshichika},
doi = {10.1143/JPSJ.65.2753},
issn = {0031-9015},
journal = {Journal of the Physical Society of Japan},
month = {sep},
number = {9},
pages = {2753--2756},
title = {{Huge Lattice Softening in \ce{CeRu2} without Structural Transition}},
url = {http://journals.jps.jp/doi/abs/10.1143/JPSJ.65.2753 http://journals.jps.jp/doi/10.1143/JPSJ.65.2753},
volume = {65},
year = {1996}
}
@incollection{Hirth_Lothe1982lattice_periodicity,
address = {New York},
author = {Hirth, John Price and Lothe, Jens},
booktitle = {Theory of Dislocations},
chapter = {8},
edition = {2},
pages = {201--250},
publisher = {John Wiley \& Sons, Ltd},
title = {{The influence of lattice periodicity}},
year = {1982}
}
@article{Ogawa2014,
author = {Ogawa, Masatoshi and Kamiya, Shoji and Izumi, Hayato and Tokuda, Yutaka},
doi = {10.1016/j.matlet.2014.01.014},
issn = {0167577X},
journal = {Materials Letters},
keywords = {Defects,Deformation and fracture,Electrical properties,Semiconductors},
month = {apr},
pages = {236--238},
publisher = {Elsevier},
title = {{Effect of hydrogen at room temperature on electronic and mechanical properties of dislocations in silicon}},
url = {http://linkinghub.elsevier.com/retrieve/pii/S0167577X14000159},
volume = {120},
year = {2014}
}
@book{american1948metals,
author = {ASM, Handbook Committee},
publisher = {American Society for Metals},
title = {{Metals Handbook}},
year = {1972}
}
@article{Magnuson2017,
abstract = {This is a critical review of MAX-phase carbides and nitrides from an electronic-structure and chemical bonding perspective. This large group of nanolaminated materials is of great scientific and technological interest and exhibits a combination of metallic and ceramic features. These properties are related to the special crystal structure and bonding characteristics with alternating strong M[sbnd]C bonds in high-density MC slabs, and relatively weak M[sbnd]A bonds between the slabs. Here, we review the trend and relationship between the chemical bonding, conductivity, elastic and magnetic properties of the MAX phases in comparison to the parent binary MX compounds with the underlying electronic structure probed by polarized X-ray spectroscopy. Spectroscopic studies constitute important tests of the results of state-of-the-art electronic structure density functional theory that is extensively discussed and are generally consistent. By replacing the elements on the M, A, or X-sites in the crystal structure, the corresponding changes in the conductivity, elasticity, magnetism and other material properties make it possible to tailor the characteristics of this class of materials by controlling the strengths of their chemical bonds.},
author = {Magnuson, Martin and Mattesini, Maurizio},
doi = {10.1016/j.tsf.2016.11.005},
issn = {00406090},
journal = {Thin Solid Films},
keywords = {Chemical bonding,Elastic and magnetic properties,Electronic Structure calculations,Nanolaminates,Seebeck measurements,X-ray emission spectroscopy},
month = {jan},
pages = {108--130},
publisher = {Elsevier B.V.},
title = {{Chemical bonding and electronic-structure in MAX phases as viewed by X-ray spectroscopy and density functional theory}},
url = {http://dx.doi.org/10.1016/j.tsf.2016.11.005 http://linkinghub.elsevier.com/retrieve/pii/S0040609016306903},
volume = {621},
year = {2017}
}
@article{Sun2004,
author = {Sun, Zhimei and Li, Sa and Ahuja, Rajeev and Schneider, Jochen M.},
doi = {10.1016/j.ssc.2003.12.008},
issn = {00381098},
journal = {Solid State Communications},
keywords = {61.66.Fn,62.20.Dc,71.15.Mb,A. M2AlC phases,C. Ab initio,D. Elastic properties},
month = {mar},
number = {9},
pages = {589--592},
title = {{Calculated elastic properties of \ce{M2AlC} (M=Ti, V, Cr, Nb and Ta)}},
volume = {129},
year = {2004}
}
@article{Peierls1940,
author = {Peierls, R},
doi = {10.1088/0959-5309/52/1/305},
isbn = {978-981-02-2692-3},
issn = {0959-5309},
journal = {Proceedings of the Physical Society},
number = {1},
pages = {34--37},
title = {{The size of a dislocation}},
url = {http://stacks.iop.org/0959-5309/52/i=1/a=305?key=crossref.a9baf1c8ec45d1fe659695e97701d7e2},
volume = {52},
year = {1940}
}
@article{Music2007ductility,
author = {Music, Denis and Houben, Andreas and Dronskowski, Richard and Schneider, Jochen M.},
doi = {10.1103/PhysRevB.75.174102},
issn = {1098-0121},
journal = {Physical Review B},
month = {may},
number = {17},
pages = {174102},
title = {{Ab initio study of ductility in \ce{M2AlC} (\emph{M} = Ti, V, Cr)}},
volume = {75},
year = {2007}
}
@article{Hu2016a,
author = {Hu, Hai and Wu, Xiaozhi and Wang, Rui and Jia, Zhihong and Li, Weiguo and Liu, Qing},
doi = {10.1016/j.jallcom.2016.01.106},
file = {:C\:/Users/Rob/Documents/Mendeley Desktop/Hu et al._2016_Structural stability, mechanical properties and stacking fault energies of TiAl3 alloyed with Zn, Cu, Ag First-principles.pdf:pdf},
isbn = {0925-8388},
issn = {09258388},
journal = {Journal of Alloys and Compounds},
keywords = {Elastic constants,First principles,Structural stability,TiAl3},
month = {may},
pages = {185--196},
publisher = {Elsevier B.V},
title = {{Structural stability, mechanical properties and stacking fault energies of TiAl3 alloyed with Zn, Cu, Ag: First-principles study}},
url = {http://dx.doi.org/10.1016/j.jallcom.2016.01.106 http://linkinghub.elsevier.com/retrieve/pii/S0925838816301074},
volume = {666},
year = {2016}
}
@article{Perez2007,
author = {P\'erez, F. and Granger, B.E.},
doi = {10.1109/MCSE.2007.53.},
isbn = {3518437208},
issn = {15219615},
journal = {Computing in Science and Engineering},
number = {3},
pages = {21--29},
pmid = {1000224768},
title = {{IPython: A System for Interactive Scientific Computing Python: An Open and General- Purpose Environment}},
url = {http://ipython.org},
volume = {9},
year = {2007}
}
@article{Crandall1999,
author = {Crandall, R E and Buhler, J P},
doi = {10.1088/0305-4470/20/16/024},
issn = {0305-4470},
journal = {Journal of Physics A: Mathematical and General},
number = {16},
pages = {5497--5510},
title = {{Elementary function expansions for Madelung constants}},
volume = {20},
year = {1987}
}
@article{Brunner2001,
author = {Brunner, Dieter and Taeri-Baghbadrani, Shahram and Sigle, Wilfried and R{\"{u}}hle, Manfred},
doi = {10.1111/j.1151-2916.2001.tb00805.x},
issn = {00027820},
journal = {Journal of the American Ceramic Society},
number = {5},
pages = {1161--1163},
title = {{Surprising Results of a Study on the Plasticity in Strontium Titanate}},
volume = {84},
year = {2001}
}
@article{Nash1953,
author = {Nash, Julian W. and Ogden, H. R. and Durtschi, Richard E. and Campbell, I. E.},
doi = {10.1149/1.2781118},
file = {:C\:/Users/Rob/Documents/Mendeley Desktop/Nash et al._1953_Preparation and Properties of Iodide Vanadium.pdf:pdf},
issn = {00134651},
journal = {Journal of The Electrochemical Society},
number = {6},
pages = {272},
title = {{Preparation and Properties of Iodide Vanadium}},
url = {http://jes.ecsdl.org/cgi/doi/10.1149/1.2781118},
volume = {100},
year = {1953}
}
@article{Theocaris1994,
author = {Theocaris, P. S.},
doi = {10.1007/BF00352059},
issn = {0022-2461},
journal = {Journal of Materials Science},
number = {13},
pages = {3527--3534},
title = {{The limits of Poisson's ratio in polycrystalline bodies}},
url = {http://link.springer.com/10.1007/BF00352059},
volume = {29},
year = {1994}
}
@article{Kushima2015,
author = {Kushima, Akihiro and Qian, Xiaofeng and Zhao, Peng and Zhang, Sulin and Li, Ju},
doi = {10.1021/nl5045082},
file = {:C\:/Users/Rob/Documents/Mendeley Desktop/Kushima et al._2015_Ripplocations in van der Waals layers.pdf:pdf},
journal = {Nano Letters},
keywords = {2D layered crystals,MoS2,dislocation,ripple,van der Waals homostructures},
number = {2},
pages = {1302--1308},
title = {{Ripplocations in van der Waals layers}},
volume = {15},
year = {2015}
}
@article{Walker2010,
author = {Walker, A. M and Carrez, P. and Cordier, P.},
doi = {10.1180/minmag.2010.074.3.381},
isbn = {0026-461X},
issn = {0026461X},
journal = {Mineralogical Magazine},
month = {jun},
number = {3},
pages = {381--413},
title = {{Atomic-scale models of dislocation cores in minerals: progress and prospects}},
volume = {74},
year = {2010}
}
@article{Granzer1968,
author = {Granzer, F. and Wagner, G. and Eisenbl{\"{a}}tter, J.},
doi = {10.1002/pssb.19680300220},
issn = {03701972},
journal = {Physica Status Solidi (b)},
number = {2},
pages = {587--600},
title = {{Atomistische Berechnung der Core-Struktur, Core-Energie und Peierls-Spannung einer Stufenversetzung in NaCl}},
url = {http://doi.wiley.com/10.1002/pssb.19680300220},
volume = {30},
year = {1968}
}
@article{Hollox1966,
author = {Hollox, G. E. and Smallman, R. E.},
doi = {10.1063/1.1708264},
issn = {00218979},
journal = {Journal of Applied Physics},
month = {feb},
number = {2},
pages = {818--823},
title = {{Plastic behavior of titanium carbide}},
url = {http://aip.scitation.org/doi/10.1063/1.1708264},
volume = {37},
year = {1966}
}
@article{Bridgman1947,
author = {Bridgman, P. W.},
doi = {10.1063/1.1697610},
issn = {0021-8979},
journal = {Journal of Applied Physics},
month = {feb},
number = {2},
pages = {246--258},
title = {{The Effect of Hydrostatic Pressure on the Fracture of Brittle Substances}},
url = {http://aip.scitation.org/doi/10.1063/1.1697610},
volume = {18},
year = {1947}
}
@article{Chihi2013,
author = {Chihi, T.},
doi = {10.11648/j.ajmp.20130202.20},
issn = {2326-8867},
journal = {American Journal of Modern Physics},
keywords = {ab initio calculation,electronic structure,structural properties},
number = {2},
pages = {88},
title = {{Ab Initio Calculations for Properties of Laves Phase \ce{V2M} (M = Zr, Hf, Ta) Compounds}},
url = {http://www.sciencepublishinggroup.com/journal/paperinfo.aspx?journalid=122&doi=10.11648/j.ajmp.20130202.20},
volume = {2},
year = {2013}
}
@article{Wright2009,
author = {Wright, Joseph},
doi = {10.1016/B978-0-7020-4762-6.00117-X},
journal = {System},
pages = {1--60},
title = {{siunitx --- A comprehensive ( SI ) units package}},
year = {2009}
}
@article{Kang2007,
author = {Kang, K. and Cai, W.},
doi = {10.1080/14786430701222739},
isbn = {1478-6435},
issn = {1478-6435},
journal = {Philosophical Magazine},
number = {14-15},
pages = {2169--2189},
title = {{Brittle and ductile fracture of semiconductor nanowires -- molecular dynamics simulations}},
volume = {87},
year = {2007}
}
@article{Sangiovanni2010,
author = {Sangiovanni, D. G. and Chirita, V. and Hultman, L.},
doi = {10.1103/PhysRevB.81.104107},
isbn = {1098-0121},
issn = {1098-0121},
journal = {Physical Review B},
month = {mar},
number = {10},
pages = {104107},
title = {{Electronic mechanism for toughness enhancement in\ce{TixM_{1-x}N} (\emph{M}=Mo and W)}},
url = {https://link.aps.org/doi/10.1103/PhysRevB.81.104107},
volume = {81},
year = {2010}
}
@article{Ewald1921,
author = {Ewald, P. P.},
doi = {10.1002/andp.19213690304},
isbn = {1521-3889},
issn = {00033804},
journal = {Annalen der Physik},
number = {3},
pages = {253--287},
pmid = {10660542},
publisher = {WILEY‐VCH Verlag},
title = {{Die Berechnung optischer und elektrostatischer Gitterpotentiale}},
url = {http://doi.wiley.com/10.1002/andp.19213690304},
volume = {369},
year = {1921}
}
@article{Maradudin1959,
author = {Maradudin, Alexei A},
doi = {10.1016/0022-3697(59)90084-8},
isbn = {0022-3697},
issn = {00223697},
journal = {Journal of Physics and Chemistry of Solids},
month = {jan},
number = {1},
pages = {1--20},
title = {{Screw dislocations and discrete elastic theory}},
url = {http://linkinghub.elsevier.com/retrieve/pii/0022369759900848},
volume = {9},
year = {1959}
}
@article{Fukahori2010,
author = {Fukahori, Y. and Gabriel, P. and Busfield, J.J.C.},
doi = {10.1016/j.wear.2010.08.016},
file = {:C\:/Users/Rob/Documents/Mendeley Desktop/Fukahori, Gabriel, Busfield_2010_How does rubber truly slide between Schallamach waves and stick–slip motion.pdf:pdf},
issn = {00431648},
journal = {Wear},
keywords = {Mechanism of frictional sliding,Observation of the wave,Rubber,Schallamach wave,Stick-slip motion},
month = {oct},
number = {11-12},
pages = {854--866},
publisher = {Elsevier B.V.},
title = {{How does rubber truly slide between Schallamach waves and stick–slip motion?}},
url = {http://dx.doi.org/10.1016/j.wear.2010.08.016 http://linkinghub.elsevier.com/retrieve/pii/S0043164810002978},
volume = {269},
year = {2010}
}
@article{Barsoum2001,
author = {Barsoum, M. W. and Radovic, M. and Finkel, P. and El-Raghy, T.},
doi = {10.1063/1.1384479},
isbn = {0003-6951},
issn = {0003-6951},
journal = {Applied Physics Letters},
number = {4},
pages = {479--481},
title = {{\ce{Ti3SiC2} and ice}},
url = {http://aip.scitation.org/doi/10.1063/1.1384479},
volume = {79},
year = {2001}
}
@article{Ching2013,
author = {Ching, Wai-Yim and Mo, Yuxiang and Aryal, Sitaram and Rulis, Paul},
doi = {10.1111/jace.12376},
editor = {Zhou, Y.},
isbn = {1551-2916},
issn = {00027820},
journal = {Journal of the American Ceramic Society},
number = {7},
pages = {2292--2297},
title = {{Intrinsic Mechanical Properties of 20 MAX-Phase Compounds}},
volume = {96},
year = {2013}
}
@article{Griffin1950,
author = {Griffin, L.J.},
doi = {10.1080/14786445008521781},
isbn = {1941-5982},
issn = {1941-5982},
journal = {The London, Edinburgh, and Dublin Philosophical Magazine and Journal of Science},
month = {feb},
number = {313},
pages = {196--199},
title = {{Observation of unimolecular growth steps on crystal surfaces}},
url = {http://www.tandfonline.com/doi/abs/10.1080/14786445008521781},
volume = {41},
year = {1950}
}
@article{Orowan1934ii,
author = {Orowan, Eg},
doi = {10.1007/BF01341479},
issn = {14346001},
journal = {Zeitschrift f\"{u}r Physik},
number = {9-10},
pages = {614--633},
publisher = {Springer-Verlag},
title = {{Zur Kristallplastizit\"{a}t. II - Die dynamische Auffassung der Kristallplastizit\"{a}t}},
volume = {89},
year = {1934}
}
@article{DeLeon2013,
author = {{De Leon}, Nicholas and Wang, Billie and Weinberger, Christopher R. and Matson, Lawrence E. and Thompson, Gregory B.},
doi = {10.1016/j.actamat.2013.01.043},
isbn = {1359-6454},
issn = {13596454},
journal = {Acta Materialia},
keywords = {Dislocations,Plastic deformation,Slip system,TEM,UHTC},
number = {11},
pages = {3905--3913},
publisher = {Acta Materialia Inc.},
title = {{Elevated-temperature deformation mechanisms in \ce{Ta2C}: An experimental study}},
volume = {61},
year = {2013}
}
@article{Frank1950,
author = {Frank, F. C. and Read, W. T.},
doi = {10.1103/PhysRev.79.722},
file = {:C\:/Users/Rob/Documents/Mendeley Desktop/Frank, Read_1950_Multiplication Processes for Slow Moving Dislocations.pdf:pdf},
journal = {Physical Review},
month = {aug},
number = {4},
pages = {722--723},
title = {{Multiplication Processes for Slow Moving Dislocations}},
volume = {79},
year = {1950}
}
@article{Gao2003,
author = {Gao, Faming and He, Julong and Wu, Erdong and Liu, Shimin and Yu, Dongli and Li, Dongchun and Zhang, Siyuan and Tian, Yongjun},
doi = {10.1103/PhysRevLett.91.015502},
isbn = {0031-9007},
issn = {0031-9007},
journal = {Physical Review Letters},
month = {jul},
number = {1},
pages = {015502},
pmid = {12906547},
title = {{Hardness of Covalent Crystals}},
url = {https://link.aps.org/doi/10.1103/PhysRevLett.91.015502},
volume = {91},
year = {2003}
}
@article{Chu1995,
author = {Chu, F and He, Y and Thoma, D.J. and Mitchell, T.E.},
doi = {10.1016/0956-716X(95)00357-2},
issn = {0956716X},
journal = {Scripta Metallurgica et Materialia},
month = {oct},
number = {8},
pages = {1295--1300},
title = {{Elastic constants of the C15 laves phase compound \ce{NbCr2}}},
url = {http://linkinghub.elsevier.com/retrieve/pii/0956716X95003572},
volume = {33},
year = {1995}
}
@book{Hull1996,
address = {Cambridge},
author = {Hull, D and Clyne, T W},
doi = {10.1017/CBO9781139170130},
edition = {Second},
editor = {Clarke, D. R. and Suresh, S. and Ward, I. M.},
isbn = {9781139170130},
publisher = {Cambridge University Press},
title = {{An Introduction to Composite Materials}},
year = {1996}
}
@article{Hytch2003,
author = {H{\"{y}}tch, Martin J. and Putaux, Jean Luc and P{\'{e}}nisson, Jean Michel},
doi = {10.1038/nature01638},
file = {:C\:/Users/Rob/Documents/Mendeley Desktop/H{\"{y}}tch, Putaux, P{\'{e}}nisson_2003_Measurement of the displacement field of dislocations to SI{0.03}{angstrom} by electron microscopy.pdf:pdf},
isbn = {0028-0836},
issn = {00280836},
journal = {Nature},
month = {may},
number = {6937},
pages = {270--273},
pmid = {12748637},
title = {{Measurement of the displacement field of dislocations to \SI{0.03}{\angstrom} by electron microscopy}},
url = {http://www.nature.com/articles/nature01638},
volume = {423},
year = {2003}
}
@incollection{Cottrell1953,
author = {Cottrell, A H},
booktitle = {Dislocations and plastic flow in crystals},
chapter = {3},
edition = {First},
editor = {Fowler, RH and Kapitzer, P and Mott, NF and Bullard, EC},
pages = {58--98},
publisher = {Oxford University Press},
title = {{Dislocations in crystals}},
year = {1953}
}
@article{Zhang2010,
author = {Zhang, H and Shang, S L and Wang, Y and Saengdeejing, A. and Chen, L Q and Liu, Z K},
doi = {10.1016/j.actamat.2010.03.020},
issn = {13596454},
journal = {Acta Materialia},
keywords = {elastic behavior,first-principles electron theory,intermetallic compounds,thermodynamics},
month = {jun},
number = {11},
pages = {4012--4018},
title = {{First-principles calculations of the elastic, phonon and thermodynamic properties of \ce{Al12Mg17}}},
url = {http://linkinghub.elsevier.com/retrieve/pii/S1359645410001655},
volume = {58},
year = {2010}
}
@article{Korte2011Silicon,
author = {Korte, S. and Barnard, J. S. and Stearn, R. J. and Clegg, W. J.},
doi = {10.1016/j.ijplas.2011.05.009},
file = {:C\:/Users/Rob/Documents/Mendeley Desktop/Korte et al._2011_Deformation of silicon -- Insights from microcompression testing at 25--SI{500}{degreeCelsius}.pdf:pdf},
isbn = {0749-6419},
issn = {07496419},
journal = {International Journal of Plasticity},
keywords = {Ceramic material,Dislocations,Fracture,Mechanical testing,Silicon},
number = {11},
pages = {1853--1866},
title = {{Deformation of silicon -- Insights from microcompression testing at 25--\SI{500}{\degreeCelsius}}},
volume = {27},
year = {2011}
}
@article{Schallamach1952,
author = {Schallamach, A.},
doi = {10.1088/0370-1301/65/9/301},
file = {:C\:/Users/Rob/Documents/Mendeley Desktop/Schallamach_1952_The Load Dependence of Rubber Friction.pdf:pdf},
isbn = {0370-1301},
issn = {0370-1301},
journal = {Proceedings of the Physical Society. Section B},
month = {sep},
number = {9},
pages = {657--661},
title = {{The Load Dependence of Rubber Friction}},
url = {http://stacks.iop.org/0370-1301/65/i=9/a=301?key=crossref.4e82f8bf61becda53820c1fad5e4de62},
volume = {65},
year = {1952}
}
@article{Farber1998,
author = {Farber, Leonid and Barsoum, M W and Zavaliangos, Antonios and El-Raghy, Tamer and Levin, Igor},
doi = {10.1111/j.1151-2916.1998.tb02532.x},
issn = {00027820},
journal = {Journal of the American Ceramic Society},
month = {jan},
number = {6},
pages = {1677--1681},
title = {{Dislocations and Stacking Faults in \ce{Ti3SiC2}}},
url = {http://doi.wiley.com/10.1111/j.1151-2916.1998.tb02532.x},
volume = {81},
year = {2005}
}
@article{Dehlinger1940,
author = {Dehlinger, U. and Kochend\"orfer, A.},
doi = {10.1007/BF01329753},
issn = {1434-6001},
journal = {Zeitschrift f\"ur Physik},
month = {sep},
number = {9-10},
pages = {576--585},
publisher = {Springer-Verlag},
title = {{Eigenbewegungen in Kristallgittern}},
url = {http://link.springer.com/10.1007/BF01329753},
volume = {116},
year = {1940}
}
@article{horn1952holes,
author = {Horn, F. H. and Fullam, E. F. and Kasper, J. S.},
doi = {10.1038/169927a0},
issn = {0028-0836},
journal = {Nature},
month = {may},
number = {4309},
pages = {927--928},
publisher = {Springer},
title = {{Holes in Crystals}},
url = {http://www.nature.com/doifinder/10.1038/169927a0},
volume = {169},
year = {1952}
}
@article{Schallamach1971,
author = {Schallamach, A.},
doi = {10.1016/0043-1648(71)90033-0},
file = {:C\:/Users/Rob/Documents/Mendeley Desktop/Schallamach_1971_How does rubber slide.pdf:pdf},
isbn = {0043-1648},
issn = {00431648},
journal = {Wear},
month = {apr},
number = {4},
pages = {301--312},
title = {{How does rubber slide?}},
url = {http://linkinghub.elsevier.com/retrieve/pii/0043164871900330},
volume = {17},
year = {1971}
}
@incollection{Kelly2012ch7,
address = {Chichester, UK},
author = {Kelly, Anthony and Knowles, Kevin M.},
booktitle = {Crystallography and Crystal Defects},
chapter = {7},
doi = {10.1002/9781119961468.ch7},
edition = {2},
pages = {197--239},
publisher = {John Wiley \& Sons, Ltd},
title = {{Glide and Texture}},
year = {2012}
}
@article{Cao2010,
author = {Cao, G H and Becker, A T and Wu, D and Chumbley, L S and Lograsso, T A and Russell, A M and Gschneidner, K A},
doi = {10.1016/j.actamat.2010.04.024},
issn = {13596454},
journal = {Acta Materialia},
keywords = {Intermetallics,Mechanical properties,Slip,Transmission electron microscopy (TEM),YZn},
number = {12},
pages = {4298--4304},
publisher = {Acta Materialia Inc.},
title = {{Mechanical properties and determination of slip systems of the B2 YZn intermetallic compound}},
url = {http://dx.doi.org/10.1016/j.actamat.2010.04.024},
volume = {58},
year = {2010}
}
@article{Takasugi1987,
author = {Takasugi, T and Hirakawa, S and Izumi, O. and Ono, S. and Watanabe, S},
doi = {10.1016/0001-6160(87)90030-7},
issn = {00016160},
journal = {Acta Metallurgica},
month = {aug},
number = {8},
pages = {2015--2026},
title = {{Plastic flow of \ce{Co3Ti} single crystals}},
volume = {35},
year = {1987}
}
@article{Gao2008,
author = {Gao, Michael C and Do\u{g}an, \"{O}mer N and King, Paul and Rollett, Anthony D and Widom, Michael},
doi = {10.1007/s11837-008-0092-1},
isbn = {10474838 (ISSN)},
issn = {10474838},
journal = {Jom},
number = {7},
pages = {61--65},
title = {{The first-principles design of ductile refractory alloys}},
volume = {60},
year = {2008}
}
@article{Lu2000aluminium,
author = {Lu, Gang and Kioussis, Nicholas and Bulatov, Vasily V and Kaxiras, Efthimios},
doi = {10.1103/PhysRevB.62.3099},
isbn = {0163-1829},
issn = {0163-1829},
journal = {Physical Review B},
month = {aug},
number = {5},
pages = {3099--3108},
title = {{Generalized-stacking-fault energy surface and dislocation properties of aluminum}},
volume = {62},
year = {2000}
}
@phdthesis{Korte2009,
author = {Korte, Sandra},
school = {University of Cambridge},
title = {{Plasticity in ceramics - Deformation in small volumes}},
year = {2009}
}







@article{Gouriet2015,
author = {Gouriet, Karine and Carrez, Philippe and Cordier, Patrick and Guitton, Antoine and Joulain, Anne and Thilly, Ludovic and Tromas, Christophe},
doi = {10.1080/14786435.2015.1066938},
issn = {14786443},
journal = {Philosophical Magazine},
keywords = {MAX phase,Peierls-Nabarro model,dislocations},
month = {aug},
number = {23},
pages = {2539--2552},
publisher = {Taylor \& Francis},
title = {{Dislocation modelling in \ce{Ti2AlN} MAX phase based on the Peierls-Nabarro model}},
url = {http://www.tandfonline.com/doi/full/10.1080/14786435.2015.1066938},
volume = {95},
year = {2015}
}
@article{Abdullaev2006,
author = {Abdullaev, N. A.},
doi = {10.1134/S1063783406040081},
issn = {1063-7834},
journal = {Physics of the Solid State},
number = {4},
pages = {663--669},
title = {{Elastic properties of layered crystals}},
volume = {48},
year = {2006}
}
@article{Foitzik1991,
author = {Foitzik, A. and Skrotzki, W. and Haasen, P.},
doi = {10.1016/0921-5093(91)90363-R},
issn = {09215093},
journal = {Materials Science and Engineering: A},
number = {C},
pages = {77--82},
title = {{Slip on \{1\,1\,1\} planes in lead sulphide}},
url = {http://linkinghub.elsevier.com/retrieve/pii/092150939190363R},
volume = {132},
year = {1991}
}
@article{Sangiovanni2011,
author = {Sangiovanni, D.G. and Hultman, L and Chirita, V},
doi = {10.1016/j.actamat.2010.12.013},
isbn = {1359-6454},
issn = {13596454},
journal = {Acta Materialia},
keywords = {Ab initio calculations,Ductility,Mechanical properties,Nitrides},
month = {mar},
number = {5},
pages = {2121--2134},
title = {{Supertoughening in B1 transition metal nitride alloys by increased valence electron concentration}},
url = {http://linkinghub.elsevier.com/retrieve/pii/S1359645410008347},
volume = {59},
year = {2011}
}
@article{Eshelby1949,
author = {Eshelby, J. D.},
doi = {10.1080/14786444908561420},
isbn = {0031-8086},
issn = {1941-5982},
journal = {The London, Edinburgh, and Dublin Philosophical Magazine and Journal of Science},
month = {sep},
number = {308},
pages = {903--912},
title = {{LXXXII. Edge dislocations in anisotropic materials}},
url = {http://www.tandfonline.com/doi/abs/10.1080/14786444908561420},
volume = {40},
year = {1949}
}
@article{Alam1954,
author = {Alam, M. N. and Blackman, M. and Pashley, D. W.},
doi = {10.1098/rspa.1954.0017},
issn = {1364-5021},
journal = {Proceedings of the Royal Society A: Mathematical, Physical and Engineering Sciences},
number = {1145},
pages = {224--242},
title = {{High-Angle Kikuchi Patterns}},
url = {http://rspa.royalsocietypublishing.org/cgi/doi/10.1098/rspa.1954.0017},
volume = {221},
year = {1954}
}
@article{Feng2010,
author = {Feng, Wenxia and Cui, Shouxin and Hu, Haiquan and Feng, Peng and Zheng, Ziye and Guo, Yongxin and Gong, Zizheng},
doi = {10.1016/j.physb.2010.07.029},
issn = {09214526},
journal = {Physica B: Condensed Matter},
keywords = {Brittle,Electronic structure,First principles,Zr2SC},
month = {oct},
number = {20},
pages = {4294--4298},
title = {{First-principles study on electronic structure and elastic properties of hexagonal \ce{Zr2SC}}},
url = {http://linkinghub.elsevier.com/retrieve/pii/S0921452610007283},
volume = {405},
year = {2010}
}
@article{Telle2006,
author = {Telle, Rainer and Momozawa, Ai and Music, Denis and Schneider, Jochen M.},
doi = {10.1016/j.jssc.2006.01.028},
isbn = {0022-4596},
issn = {00224596},
journal = {Journal of Solid State Chemistry},
keywords = {Borides,Crystal structure,MAX-phases,Reinforcement of ceramics,TiB2,W2B5},
month = {sep},
number = {9},
pages = {2850--2857},
title = {{Boride-based nano-laminates with MAX-phase-like behaviour}},
volume = {179},
year = {2006}
}
@article{Farber1999,
author = {Farber, L.},
doi = {10.1080/095008399177390},
isbn = {0950-0839},
issn = {0950-0839},
journal = {Philosophical Magazine Letters},
number = {4},
pages = {163--170},
title = {{High-resolution transmission electron microscopy study of a low-angle boundary in plastically deformed \ce{Ti3SiC2}}},
volume = {79},
year = {1999}
}
@article{Rice1992,
author = {Rice, James R.},
doi = {10.1016/S0022-5096(05)80012-2},
isbn = {0022-5096},
issn = {00225096},
journal = {Journal of the Mechanics and Physics of Solids},
month = {jan},
number = {2},
pages = {239--271},
title = {{Dislocation nucleation from a crack tip: An analysis based on the Peierls concept}},
url = {http://linkinghub.elsevier.com/retrieve/pii/S0022509605800122},
volume = {40},
year = {1992}
}
@article{Lubarda2007,
author = {Lubarda, V. A. and Markenscoff, X.},
doi = {10.1007/s00419-006-0068-y},
issn = {0939-1533},
journal = {Archive of Applied Mechanics},
keywords = {Configurational force,Core radius,Disclination,Dislocation,Lattice friction,Peach-Koehler force,Peierls stress},
month = {feb},
number = {2-3},
pages = {147--154},
title = {{Configurational force on a lattice dislocation and the Peierls stress}},
url = {http://link.springer.com/10.1007/s00419-006-0068-y},
volume = {77},
year = {2007}
}
@book{Pfann1966,
address = {New York},
author = {Pfann, William G.},
booktitle = {Zone Melting},
edition = {Second},
keywords = {Eutectic,Peritectic},
mendeley-tags = {Eutectic,Peritectic},
pages = {277--278},
publisher = {John Wiley \& Sons, Inc.},
title = {{Zone Melting}},
year = {1966}
}
@article{Yoo2000,
author = {Yoo, H.-I. and Barsoum, M. W. and El-Raghy, T.},
doi = {10.1038/35036686},
isbn = {0028-0836 (Print)},
issn = {00280836},
journal = {Nature},
pages = {581--582},
pmid = {11034195},
title = {{Materials science: \ce{Ti3SiC2} has negligible thermopower}},
url = {http://www.nature.com/doifinder/10.1038/35036686},
volume = {407},
year = {2000}
}
@article{Pettifor1992,
author = {Pettifor, D. G.},
doi = {10.1179/mst.1992.8.4.345},
isbn = {0267-0836},
issn = {0267-0836},
journal = {Materials Science and Technology},
number = {4},
pages = {345--349},
title = {{Theoretical predictions of structure and related properties of intermetallics}},
url = {http://www.tandfonline.com/doi/full/10.1179/mst.1992.8.4.345},
volume = {8},
year = {1992}
}
@article{Huntington1955,
author = {Huntington, H B},
doi = {10.1088/0370-1301/68/12/308},
issn = {0370-1301},
journal = {Proceedings of the Physical Society. Section B},
month = {dec},
number = {12},
pages = {1043--1048},
title = {{Modification of the Peierls-Nabarro Model for Edge Dislocation Core}},
url = {http://stacks.iop.org/0370-1301/68/i=12/a=308?key=crossref.64a7837e98c30f804f15347f962d48c3},
volume = {68},
year = {1955}
}
@phdthesis{Davis2015,
author = {Davis, Claire Elisabeth},
number = {December},
school = {University of Cambridge},
title = {{Deformation in Laves phases}},
year = {2015}
}
@incollection{Hull1996ch4,
address = {Cambridge},
author = {Hull, D. and Clyne, T. W.},
booktitle = {An Introduction to Composite Materials},
chapter = {4},
doi = {10.1017/CBO9781139170130.006},
edition = {2},
editor = {Clarke, D. R. and Suresh, S. and Ward, I. M.},
isbn = {9781139170130},
pages = {60--77},
publisher = {Cambridge University Press},
series = {Cambridge Solid State Science Series},
title = {{Elastic deformation of long-fibre composites}},
url = {http://ebooks.cambridge.org/ref/id/CBO9781139170130A025},
year = {1996}
}
@article{Orowan1934iii,
author = {Orowan, E},
doi = {10.1007/BF01341480},
issn = {14346001},
journal = {Zeitschrift f\"{u}r Physik},
number = {9-10},
pages = {634--659},
publisher = {Springer-Verlag},
title = {{Zur Kristallplastizit\"{a}t. III - Uber den Mechanismus des Gleitvorganges}},
volume = {89},
year = {1934}
}
@article{martinez2013,
author = {Martinez, Jackelyn A. and Yilmaz, Dundar E. and Liang, Tao and Sinnott, Susan B. and Phillpot, Simon R.},
doi = {10.1016/j.cossms.2013.09.001},
isbn = {1359-0286},
issn = {13590286},
journal = {Current Opinion in Solid State and Materials Science},
keywords = {Fitting,Interatomic potential,Optimization,Simulation},
month = {dec},
number = {6},
pages = {263--270},
publisher = {Elsevier Ltd},
title = {{Fitting empirical potentials: Challenges and methodologies}},
url = {http://linkinghub.elsevier.com/retrieve/pii/S1359028613000727},
volume = {17},
year = {2013}
}
@article{Ozawa1995,
author = {Ozawa, M. and Yoshizawa, M. and Sugawara, H. and {\^{O}}nuki, Y.},
doi = {10.1016/0921-4526(94)00429-Y},
issn = {09214526},
journal = {Physica B: Condensed Matter},
month = {feb},
pages = {267--269},
title = {{Elastic constants of \ce{LaRh2} and \ce{CeRh2}}},
url = {http://linkinghub.elsevier.com/retrieve/pii/092145269400429Y},
volume = {206-207},
year = {1995}
}
@phdthesis{Thompson2015,
author = {Thompson, Robert Peter},
number = {May},
school = {University of Cambridge},
title = {{Plastic flow in intermetallics - \emph{First year probationary report}}},
type = {Masters},
year = {2015}
}
@article{IPython2007,
author = {Perez, Fernando and Granger, Brian E.},
doi = {10.1109/MCSE.2007.53},
isbn = {3518437208},
issn = {1521-9615},
journal = {Computing in Science \& Engineering},
number = {3},
pages = {21--29},
title = {{IPython: A System for Interactive Scientific Computing}},
url = {http://ieeexplore.ieee.org/document/4160251/},
volume = {9},
year = {2007}
}































@incollection{Hirth1982Straight_dislocs,
address = {New York},
author = {Hirth, John Price and Lothe, Jens},
booktitle = {Theory of Dislocations},
chapter = {3},
edition = {2},
pages = {58--90},
publisher = {John Wiley \& Sons, Ltd},
title = {{The Theory of Straight Dislocations}},
year = {1968}
}
@article{Joos1997,
author = {Jo{\'{o}}s, B. and Duesbery, M S},
doi = {10.1103/PhysRevLett.78.266},
isbn = {0031-9007},
issn = {0031-9007},
journal = {Physical Review Letters},
month = {jan},
number = {2},
pages = {266--269},
title = {{The Peierls Stress of Dislocations: An Analytic Formula}},
url = {https://link.aps.org/doi/10.1103/PhysRevLett.78.266},
volume = {78},
year = {1997}
}
@article{burgers1939,
author = {Burgers, J M},
journal = {Proceedings of the section of sciences / Koninklijke Nederlansche Akademie van Wetenschappen},
pages = {378--399},
title = {{Some considerations on the fields of stress connected with dislocations in a regular crystal lattice}},
volume = {42},
year = {1939}
}
@article{Niu2012,
author = {Niu, Haiyang and Chen, Xing Qiu and Liu, Peitao and Xing, Weiwei and Cheng, Xiyue and Li, Dianzhong and Li, Yiyi},
doi = {10.1038/srep00718},
file = {:C\:/Users/Rob/Documents/Mendeley Desktop/Niu et al._2012_Extra-electron induced covalent strengthening and generalization of intrinsic ductile-to-brittle criterion.pdf:pdf},
isbn = {2045-2322 (Electronic)\r2045-2322 (Linking)},
issn = {20452322},
journal = {Scientific Reports},
month = {dec},
number = {1},
pages = {718},
pmid = {23056910},
title = {{Extra-electron induced covalent strengthening and generalization of intrinsic ductile-to-brittle criterion}},
url = {http://www.nature.com/articles/srep00718},
volume = {2},
year = {2012}
}
@article{Shannette1969,
author = {Shannette, G. W. and Smith, J. F.},
doi = {10.1063/1.1657107},
issn = {0021-8979},
journal = {Journal of Applied Physics},
month = {jan},
number = {1},
pages = {79--82},
title = {{Single‐Crystalline Elastic Constants of \ce{ZrCo2} and \ce{HfCo2} in the Temperature Range 4.2\si{\degree}--300\si{\degree\kelvin}}},
url = {http://aip.scitation.org/doi/10.1063/1.1657107},
volume = {40},
year = {1969}
}
@article{Brookes1968,
author = {Brookes, C. A. and Greenwood, J. H. and Routbort, J. L.},
doi = {10.1063/1.1656565},
issn = {00218979},
journal = {Journal of Applied Physics},
number = {5},
pages = {2391--2395},
title = {{Brittle fracture in iridium single crystals}},
volume = {39},
year = {1968}
}
@incollection{Kelly2012app7,
address = {Chichester, UK},
author = {Kelly, Anthony and Knowles, Kevin M},
booktitle = {Crystallography and Crystal Defects},
chapter = {A7},
doi = {10.1002/9781119961468.app7},
edition = {2},
pages = {491--498},
publisher = {John Wiley \& Sons, Ltd},
title = {{Appendix 7: Crystal Structure Data}},
year = {2012}
}
@incollection{Gschneidner1964,
author = {Gschneidner, Karl A.},
booktitle = {Solid State Physics - Advances in Research and Applications},
doi = {10.1016/S0081-1947(08)60518-4},
isbn = {978-0-1260-7716-2},
issn = {00811947},
number = {C},
pages = {275--426},
title = {{Physical Properties and Interrelationships of Metallic and Semimetallic Elements}},
url = {http://linkinghub.elsevier.com/retrieve/pii/S0081194708605184},
volume = {16},
year = {1964}
}
@article{Yu2003,
author = {Yu, R. and He, L. L. and Ye, H. Q.},
doi = {10.1016/S1359-6454(03)00032-6},
isbn = {1359-6454},
issn = {13596454},
journal = {Acta Materialia},
keywords = {Carbides,Electronic structure,Grain boundary energy,Transmission electron microscopy (TEM),Twinning},
number = {9},
pages = {2477--2484},
title = {{Effects of Si and Al on twin boundary energy of TiC}},
volume = {51},
year = {2003}
}
@article{Nabarro1952,
abstract = {Development of theory of interest in crystallography, metallurgy, etc, based on concept of dislocations, first introduced into physical theory by C.V.Burton in 1892; analysis of dislocations in elastic continuum, including their properties, motion, interaction with free surfaces, etc.; effect of crystal structure.},
author = {Nabarro, F. R N},
doi = {10.1080/00018735200101211},
isbn = {0001873520},
issn = {14606976},
journal = {Advances in Physics},
month = {jul},
number = {3},
pages = {269--394},
title = {{Mathematical theory of stationary dislocations}},
url = {http://www.tandfonline.com/doi/abs/10.1080/00018735200101211},
volume = {1},
year = {1952}
}




























@article{Witzke1971,
author = {Witzke, Walter R. and Raffo, Peter L.},
doi = {10.1007/BF02814892},
issn = {0360-2133},
journal = {Metallurgical Transactions},
month = {sep},
number = {9},
pages = {2533--2539},
title = {{Creep behavior of electron-beam-melted rhenium}},
url = {http://link.springer.com/10.1007/BF02814892},
volume = {2},
year = {1971}
}
@incollection{hirth_lothe1982solute_atoms,
address = {New York},
author = {Hirth, John Price and Lothe, Jens},
booktitle = {Theory of Dislocations},
chapter = {18},
edition = {2},
pages = {584--633},
publisher = {John Wiley \& Sons, Ltd},
title = {{Effects of solute atoms on dislocation motion}},
year = {1982}
}
@article{Radovic2013,
author = {Radovic, Miladin and Barsoum, M. W.},
isbn = {6147945815},
issn = {00027812},
journal = {American Ceramic Society Bulletin},
number = {3},
pages = {20--27},
title = {{MAX phases: Bridging the gap between metals and ceramics}},
volume = {92},
year = {2013}
}
@misc{LandoltBornstein1992,
annote = {accessed 2017-12-21},
author = {Every, A. G. and McCurdy, A. K.},
booktitle = {Second and Higher Order Elastic Constants},
doi = {10.1007/10046537_12},
editor = {Nelson, D F},
pages = {51--55},
publisher = {Springer-Verlag Berlin Heidelberg},
title = {{Table 5. Cubic system. Intermetallic compounds}},
year = {1992}
}
@article{Hirsch1985,
author = {Hirsch, P. B.},
doi = {10.1179/026708385790124242},
isbn = {0267-0836(19850901)1:9L.666;1-},
issn = {02670836},
journal = {Materials Science and Technology},
number = {September},
pages = {666--677},
title = {{Dislocations in semiconductors}},
volume = {1},
year = {1985}
}
@article{Kishida2010,
author = {Kishida, Kyosuke and Fujiwara, Masakazu and Adachi, Hiroki and Tanaka, Katsushi and Inui, Haruyuki},
doi = {10.1016/j.actamat.2009.09.062},
issn = {13596454},
journal = {Acta Materialia},
keywords = {Deformation behavior,Dislocation structures,Mechanical properties,Transition-metal silicides,Twinning},
number = {3},
pages = {846--857},
publisher = {Acta Materialia Inc.},
title = {{Plastic deformation of single crystals of \ce{Ti5Si3} with the hexagonal D88 structure}},
url = {http://dx.doi.org/10.1016/j.actamat.2009.09.062},
volume = {58},
year = {2010}
}
@article{Gilman1973,
author = {Gilman, J J},
doi = {10.1063/1.1662382},
issn = {0021-8979},
journal = {Journal of Applied Physics},
month = {mar},
number = {3},
pages = {982--984},
title = {{Hardness of pure alkali halides}},
volume = {44},
year = {1973}
}
@incollection{Gilman2001,
address = {Cambridge},
author = {Gilman, John J},
booktitle = {Electronic Basis of the Strength of Materials},
chapter = {13},
doi = {10.1017/CBO9780511541247.015},
isbn = {9780511541247},
issn = {0002-7294},
pages = {142--173},
pmid = {674036},
publisher = {Cambridge University Press},
title = {{Shear modulus}},
year = {2001}
}
@article{Bacon1980,
author = {Bacon, D.J. and Barnett, D.M. and Scattergood, R.O.},
doi = {10.1016/0079-6425(80)90007-9},
isbn = {9780080242477},
issn = {00796425},
journal = {Progress in Materials Science},
pages = {51--262},
title = {{Anisotropic continuum theory of lattice defects}},
volume = {23},
year = {1980}
}
@article{Barsoum2011,
author = {Barsoum, M W and Radovic, Miladin},
doi = {10.1146/annurev-matsci-062910-100448},
issn = {1531-7331},
journal = {Annual Review of Materials Research},
keywords = {brittle-to-plastic transition,carbides and nitrides,creep,fracture toughness,nonlinear elasticity,tensile and compressive strengths,thermal shock resistance},
month = {aug},
number = {1},
pages = {195--227},
title = {{Elastic and Mechanical Properties of the MAX Phases}},
url = {http://www.annualreviews.org/doi/10.1146/annurev-matsci-062910-100448},
volume = {41},
year = {2011}
}
@article{Taylor1934,
author = {Taylor, G. I.},
doi = {10.1098/rspa.1934.0106},
isbn = {09501207},
issn = {1364-5021},
journal = {Proceedings of the Royal Society A: Mathematical, Physical and Engineering Sciences},
keywords = {plastic deformation,single crystal},
month = {jul},
number = {855},
pages = {362--387},
title = {{The Mechanism of Plastic Deformation of Crystals. Part I. Theoretical}},
url = {http://rspa.royalsocietypublishing.org/cgi/doi/10.1098/rspa.1934.0106},
volume = {145},
year = {1934}
}
@article{Griggs1936,
author = {Griggs, David T},
doi = {10.1086/624455},
issn = {0022-1376},
journal = {The Journal of Geology},
month = {jul},
number = {5},
pages = {541--577},
title = {{Deformation of Rocks under High Confining Pressures: I. Experiments at Room Temperature}},
url = {http://www.journals.uchicago.edu/doi/10.1086/624455},
volume = {44},
year = {1936}
}
@article{Bhowmik2014,
author = {Bhowmik, Ayan and Bennett, Robbie J. and Monserrat, Bartomeu and Conduit, Gareth J. and Connor, Leigh D. and Parker, Julia E. and Thompson, Robert P. and Jones, C. Neil and Stone, Howard J.},
doi = {10.1016/j.intermet.2013.11.002},
file = {:C\:/Users/Rob/Documents/Mendeley Desktop/Bhowmik et al._2014_Alloys based on Cr--ce{Cr2Ta} containing Si.pdf:pdf},
journal = {Intermetallics},
keywords = {A. Laves phases,B. Oxidation,D. Site occupancy,E. Ab-initio calculations,F. Diffraction,F. Electron microscopy, scanning,scanning},
month = {may},
pages = {62--70},
title = {{Alloys based on Cr--\ce{Cr2Ta} containing Si}},
url = {http://linkinghub.elsevier.com/retrieve/pii/S0966979513003014},
volume = {48},
year = {2014}
}
@article{Gandhi1979,
author = {Gandhi, C. and Ashby, M.F.},
doi = {10.1016/0001-6160(79)90042-7},
isbn = {0001-6160},
issn = {00016160},
journal = {Acta Metallurgica},
month = {oct},
number = {10},
pages = {1565--1602},
title = {{Overview no. 5: Fracture-mechanism maps for materials which cleave: F.C.C., B.C.C. and H.C.P. metals and ceramics}},
url = {http://linkinghub.elsevier.com/retrieve/pii/0001616079900427},
volume = {27},
year = {1979}
}
@article{Campbell1959,
author = {Campbell, Ivor E and Rosenbaum, D. M. and Gonser, B. W.},
doi = {10.1016/0022-5088(59)90025-6},
isbn = {0022-5088},
issn = {00225088},
journal = {Journal of the Less Common Metals},
month = {jun},
number = {3},
pages = {185--191},
title = {{The availability, recovery and properties of rhenium metal}},
url = {http://link.springer.com/10.1007/BF02814892 http://linkinghub.elsevier.com/retrieve/pii/0022508859900256},
volume = {1},
year = {1959}
}
@article{Korte-Kerzel2017,
abstract = {<p> <fig position="anchor"> <graphic href="S2159685917000155_figAb" mime-subtype="jpeg" mimetype="image" position="float" type="simple"/> </fig> </p>},
author = {Korte-Kerzel, Sandra},
doi = {10.1557/mrc.2017.15},
issn = {2159-6859},
journal = {MRS Communications},
number = {May},
pages = {1--12},
title = {{Microcompression of brittle and anisotropic crystals: recent advances and current challenges in studying plasticity in hard materials}},
url = {https://www.cambridge.org/core/product/identifier/S2159685917000155/type/journal_article},
year = {2017}
}
@article{Music2007surface_energy,
author = {Music, D. and Sun, Z. and Ahuja, R. and Schneider, J.M.},
doi = {10.1016/j.susc.2006.11.025},
issn = {00396028},
journal = {Surface Science},
keywords = {carbides,density functional theory,surface energy},
month = {feb},
number = {4},
pages = {896--899},
title = {{Surface energy of \ce{M2AC}(0\,0\,0\,1) determined by density functional theory (M=Ti,V,Cr; A=Al,Ga,Ge)}},
volume = {601},
year = {2007}
}
@article{Tao2008,
author = {Tao, Xiaoma and Ouyang, Yifang and Liu, Huashan and Zeng, Fanjiang and Feng, Yuanping and Du, Yong and Jin, Zhanpeng},
doi = {10.1016/j.commatsci.2008.03.036},
issn = {09270256},
journal = {Computational Materials Science},
keywords = {Ab initio,Debye-Gr{\"{u}}neisen model,Formation enthalpy,Laves phase},
month = {dec},
number = {2},
pages = {392--399},
publisher = {Elsevier B.V.},
title = {{Ab initio calculation of the total energy and elastic properties of Laves phase C15 \ce{Al2}RE (RE=Sc, Y, La, Ce--Lu)}},
url = {http://dx.doi.org/10.1016/j.commatsci.2008.03.036 http://linkinghub.elsevier.com/retrieve/pii/S0927025608001924},
volume = {44},
year = {2008}
}
@article{Kelly1967,
author = {Kelly, A. and Tyson, W. R. and Cottrell, A. H.},
doi = {10.1080/14786436708220903},
file = {:C\:/Users/Rob/Documents/Mendeley Desktop/Kelly, Tyson, Cottrell_1967_Ductile and brittle crystals.pdf:pdf},
isbn = {0031-8086},
issn = {00318086},
journal = {Philosophical Magazine},
keywords = {bibtex-import},
month = {mar},
number = {135},
pages = {567--586},
title = {{Ductile and brittle crystals}},
url = {http://www.tandfonline.com/doi/abs/10.1080/14786436708220903},
volume = {15},
year = {1967}
}
@article{Bulatov1997,
author = {Bulatov, Vasily V. and Kaxiras, Efthimios},
doi = {10.1103/PhysRevLett.78.4221},
isbn = {0031-9007},
issn = {0031-9007},
journal = {Physical Review Letters},
month = {jun},
number = {22},
pages = {4221--4224},
title = {{Semidiscrete Variational Peierls Framework for Dislocation Core Properties}},
url = {https://link.aps.org/doi/10.1103/PhysRevLett.78.4221},
volume = {78},
year = {1997}
}
@article{Sun2011,
author = {Sun, Z M},
doi = {10.1179/1743280410Y.0000000001},
isbn = {0950-6608},
issn = {0950-6608},
journal = {International Materials Reviews},
keywords = {ductile ceramic,nanolaminates,review,synthesis,titanium silicon carbide},
month = {may},
number = {3},
pages = {143--166},
title = {{Progress in research and development on MAX phases: a family of layered ternary compounds}},
url = {http://www.tandfonline.com/doi/full/10.1179/1743280410Y.0000000001},
volume = {56},
year = {2011}
}
@article{Leisure2003,
author = {Leisure, R. G. and Foster, K. and Hightower, J. E. and Agosta, D. S.},
doi = {10.1016/S0925-8388(02)01272-0},
issn = {09258388},
journal = {Journal of Alloys and Compounds},
keywords = {Elasticity,Hydrogen-storage materials,Intermetallics,Ultrasonics},
pages = {283--289},
title = {{Elastic properties of intermetallic \ce{AB2} and \ce{AB5} hydrogen-absorbing compounds}},
volume = {356-357},
year = {2003}
}
@incollection{gordon1991,
author = {Gordon, J E},
booktitle = {The New Science of Strong Materials: Or Why You Don't Fall Through the Floor},
chapter = {4},
edition = {Second},
pages = {77--98},
publisher = {Penguin Books Limited},
title = {{Cracks and Dislocations}},
year = {1991}
}
@article{Tallon1979a,
author = {Tallon, J. L. and Wolfenden, A.},
doi = {10.1016/0022-3697(79)90037-4},
file = {:C\:/Users/Rob/Documents/Mendeley Desktop/Tallon, Wolfenden_1979_Temperature dependence of the elastic constants of aluminum.pdf:pdf},
issn = {00223697},
journal = {Journal of Physics and Chemistry of Solids},
month = {jan},
number = {11},
pages = {831--837},
title = {{Temperature dependence of the elastic constants of aluminum}},
url = {http://linkinghub.elsevier.com/retrieve/pii/0022369779900374},
volume = {40},
year = {1979}
}
@article{Nabarro1947,
author = {Nabarro, F R N},
doi = {10.1088/0959-5309/59/2/309},
issn = {0959-5309},
journal = {Proceedings of the Physical Society},
month = {mar},
number = {2},
pages = {256--272},
title = {{Dislocations in a simple cubic lattice}},
url = {http://stacks.iop.org/0959-5309/59/i=2/a=309?key=crossref.3d28f3f4579d9aca4f57274ea9cbee80},
volume = {59},
year = {1947}
}
























@article{Gilman1960,
author = {Gilman, J J},
doi = {10.1071/PH600327a},
file = {:C\:/Users/Rob/Documents/Mendeley Desktop/Gilman_1960_The Plastic Resistance of Crystals.pdf:pdf},
issn = {0004-9506},
journal = {Australian Journal of Physics},
number = {2},
pages = {327},
title = {{The Plastic Resistance of Crystals}},
url = {http://www.publish.csiro.au/?paper=PH600327a},
volume = {13},
year = {1960}
}
@article{Greer2006corrigendum,
author = {Greer, J R and Oliver, W and Nix, W},
doi = {10.1016/j.actamat.2005.12.004},
issn = {13596454},
journal = {Acta Materialia},
month = {apr},
number = {6},
pages = {1705},
title = {{Corrigendum to ``Size dependence in mechanical properties of gold at the micron scale in the absence of strain gradients'' [Acta Mater 53 (6) (2005) 1821--1830]}},
url = {http://linkinghub.elsevier.com/retrieve/pii/S1359645405007330},
volume = {54},
year = {2006}
}
@article{Woo1977,
author = {Woo, C H and Puls, M P},
doi = {10.1080/14786437708236001},
isbn = {0031-8086},
issn = {0031-8086},
journal = {Philosophical Magazine},
number = {3},
pages = {727--756},
title = {{Atomistic breathing shell model calculations of dislocation core configurations in ionic crystals}},
volume = {35},
year = {1977}
}
@article{Panfilov2004,
author = {Panfilov, P. and Yermakov, A.},
doi = {10.1023/B:JMSC.0000034148.03387.71},
file = {:C\:/Users/Rob/Documents/Mendeley Desktop/Panfilov, Yermakov_2004_On brittle fracture in polycrystalline iridium.pdf:pdf},
issn = {00222461},
journal = {Journal of Materials Science},
month = {jul},
number = {14},
pages = {4543--4552},
title = {{On brittle fracture in polycrystalline iridium}},
url = {http://link.springer.com/10.1023/B:JMSC.0000034148.03387.71},
volume = {39},
year = {2004}
}
@article{Rostoker1952,
author = {Rostoker, W.},
journal = {Journal of Metals},
number = {February},
pages = {209--210},
title = {{Observations on the Occurrence of \ce{Ti2X} Phases}},
year = {2009}
}
@article{Howie2017,
address = {MACMILLAN BUILDING, 4 CRINAN ST, LONDON N1 9XW, ENGLAND},
author = {Howie, P. R. and Thompson, R. P. and Korte-Kerzel, S. and Clegg, W. J.},
doi = {10.1038/s41598-017-09453-1},
issn = {20452322},
journal = {Scientific Reports},
month = {dec},
number = {1},
pages = {11602},
publisher = {Springer US},
title = {{Softening non-metallic crystals by inhomogeneous elasticity}},
type = {Article},
url = {http://www.nature.com/articles/s41598-017-09453-1},
volume = {7},
year = {2017}
}
@article{Wang1996,
author = {Wang, J.N.},
doi = {10.1016/0921-5093(95)09982-4},
isbn = {0921-5093},
issn = {09215093},
journal = {Materials Science and Engineering: A},
keywords = {Crystals,Peierls stress,Stress},
month = {feb},
number = {2},
pages = {259--269},
title = {{Prediction of Peierls stresses for different crystals}},
url = {http://linkinghub.elsevier.com/retrieve/pii/0921509395099824},
volume = {206},
year = {1996}
}
@article{Mayer2003,
author = {Mayer, B. and Anton, H. and Bott, E. and Methfessel, M. and Sticht, J. and Harris, J. and Schmidt, P. C.},
doi = {10.1016/S0966-9795(02)00127-9},
isbn = {0966-9795},
issn = {09669795},
journal = {Intermetallics},
keywords = {A. Laves phases,E. Ab-initio calculations,E. Mechanical properties,theory},
month = {jan},
number = {1},
pages = {23--32},
title = {{Ab-initio calculation of the elastic constants and thermal expansion coefficients of Laves phases}},
url = {http://linkinghub.elsevier.com/retrieve/pii/S0966979502001279},
volume = {11},
year = {2003}
}
@book{tabor2000hardness,
address = {Oxford},
author = {Quarrell, A. G.},
booktitle = {Nature},
doi = {10.1038/170818b0},
isbn = {9780198507765},
issn = {00280836},
number = {4333},
pages = {818},
pmid = {21094478},
publisher = {OUP},
series = {Monographs on the physics and chemistry of materials},
title = {{The Hardness of Metals}},
volume = {170},
year = {1952}
}
@article{Emmerlich2009,
author = {Emmerlich, J. and Music, D. and Braun, M. and Fayek, P. and Munnik, F. and Schneider, J. M.},
doi = {10.1088/0022-3727/42/18/185406},
isbn = {0022-3727},
issn = {00223727},
journal = {Journal of Physics D: Applied Physics},
month = {sep},
number = {18},
pages = {185406},
title = {{A proposal for an unusually stiff and moderately ductile hard coating material: \ce{Mo2BC}}},
url = {http://stacks.iop.org/0022-3727/42/i=18/a=185406?key=crossref.dbdb8d370b32c2c7494d2e5257644526},
volume = {42},
year = {2009}
}
@article{godet1976,
author = {Godet, M and Purwins, H G},
journal = {Helvetica Physica Acta},
number = {5},
pages = {821--828},
title = {{Crystal field effects on the elastic constants of single crystals of \ce{PrAl2} and \ce{NdAl2}}},
volume = {49},
year = {1976}
}
@article{Elliott1947,
author = {Elliott, H. A.},
doi = {10.1088/0959-5309/59/2/305},
file = {:C\:/Users/Rob/Documents/Mendeley Desktop/Elliott_1947_An analysis of the conditions for rupture due to griffith cracks.pdf:pdf},
isbn = {0959-5309},
issn = {09595309},
journal = {Proceedings of the Physical Society},
number = {2},
pages = {208--223},
title = {{An analysis of the conditions for rupture due to griffith cracks}},
url = {http://stacks.iop.org/0959-5309/59/i=2/a=305?key=crossref.59aba707317ba91dfb7b4ae5f11fe196},
volume = {59},
year = {1947}
}
@article{Le1991,
author = {Le, D. H. and Colinet, C. and Hicter, P. and Pasturel, A.},
doi = {10.1088/0953-8984/3/50/002},
issn = {0953-8984},
journal = {Journal of Physics: Condensed Matter},
month = {dec},
number = {50},
pages = {9965--9974},
title = {{Theoretical description of phase equilibrium in the nickel-titanium system}},
url = {http://stacks.iop.org/0953-8984/3/i=50/a=002?key=crossref.3f78037c8ce556d501e1d1446460ac2a},
volume = {3},
year = {1991}
}
@article{Forty1954,
author = {Forty, A.J.},
doi = {10.1080/00018735400101153},
isbn = {0001-8732},
issn = {0001-8732},
journal = {Advances in Physics},
month = {jan},
number = {9},
pages = {1--25},
title = {{Direct observations of dislocations in crystals}},
url = {http://www.tandfonline.com/doi/abs/10.1080/00018735400101153},
volume = {3},
year = {1954}
}
@article{Vitek1992,
author = {Vitek, V.},
doi = {10.1016/0079-6425(92)90003-P},
isbn = {0079-6425},
issn = {00796425},
journal = {Progress in Materials Science},
month = {jan},
pages = {1--27},
title = {{Structure of dislocation cores in metallic materials and its impact on their plastic behaviour}},
url = {http://linkinghub.elsevier.com/retrieve/pii/007964259290003P},
volume = {36},
year = {1992}
}
@article{Cottrell1997,
author = {Cottrell, Alan},
doi = {10.1179/isr.1997.22.4.318},
isbn = {0308-0188},
issn = {0308-0188},
journal = {Interdisciplinary Science Reviews},
month = {dec},
number = {4},
pages = {318--324},
publisher = {Taylor & Francis},
title = {{Surprises in materials science}},
url = {http://www.tandfonline.com/doi/full/10.1179/isr.1997.22.4.318},
volume = {22},
year = {1997}
}
@article{Plimpton1995,
author = {Plimpton, Steve},
doi = {10.1006/jcph.1995.1039},
isbn = {0021-9991},
issn = {00219991},
journal = {Journal of Computational Physics},
month = {mar},
number = {1},
pages = {1--19},
title = {{Fast Parallel Algorithms for Short-Range Molecular Dynamics}},
volume = {117},
year = {1995}
}
@article{Weinrich1975,
author = {French, Ian E. and Weinrich, Paul F.},
doi = {10.1007/BF02672300},
issn = {0360-2133},
journal = {Metallurgical Transactions A},
number = {4},
pages = {785--790},
title = {{The influence of hydrostatic pressure on the tensile deformation and fracture of copper}},
url = {http://link.springer.com/10.1007/BF02672300},
volume = {6},
year = {1975}
}
@article{Hirsch2008,
author = {Hirsch, Peter and Pashley, D W},
doi = {10.1098/rsbm.2008.0015},
issn = {0080-4606},
journal = {Biographical Memoirs of Fellows of the Royal Society},
month = {dec},
number = {December 2008},
pages = {193--214},
title = {{Sir James Woodham Menter. 22 August 1921 -- 18 July 2006}},
volume = {54},
year = {2008}
}
@article{Obreimoff1930,
author = {Obreimoff, J. W.},
doi = {10.1098/rspa.1930.0058},
file = {:C\:/Users/Rob/Documents/Mendeley Desktop/Obreimoff_1930_The Splitting Strength of Mica.pdf:pdf},
isbn = {09501207},
issn = {1364-5021},
journal = {Proceedings of the Royal Society A: Mathematical, Physical and Engineering Sciences},
number = {805},
pages = {290--297},
publisher = {The Royal Society},
title = {{The Splitting Strength of Mica}},
url = {http://rspa.royalsocietypublishing.org/cgi/doi/10.1098/rspa.1930.0058},
volume = {127},
year = {1930}
}
@article{Christian2002,
author = {Christian, J W and V\'itek, V},
doi = {10.1088/0034-4885/33/1/307},
isbn = {0034-4885},
issn = {00344885},
journal = {Reports on Progress in Physics},
number = {1},
pages = {307--411},
title = {{Dislocations and stacking faults}},
volume = {33},
year = {2002}
}
@article{Mao2014,
author = {Mao, Albert H. and Pappu, Rohit V.},
doi = {10.1063/1.4742068},
isbn = {00219606},
issn = {0021-9606},
journal = {The Journal of Chemical Physics},
month = {aug},
number = {6},
pages = {064104},
pmid = {22897252},
title = {{Crystal lattice properties fully determine short-range interaction parameters for alkali and halide ions}},
volume = {137},
year = {2012}
}
@incollection{frost1982pressure,
author = {Frost, H. J. and Ashby, M. F.},
booktitle = {Deformation-mechanism maps: the plasticity and creep of metals and ceramics},
chapter = {17},
isbn = {9780080293370},
pages = {129--130},
publisher = {Pergamon Press},
title = {{Effect of pressure on plastic flow}},
year = {1982}
}
@article{Junquera2001,
archivePrefix = {arXiv},
arxivId = {cond-mat/0104170},
author = {Junquera, Javier and Paz, \'{O} and S\'{a}nchez-Portal, Daniel and Artacho, Emilio},
doi = {10.1103/PhysRevB.64.235111},
eprint = {0104170},
isbn = {1098-0121},
issn = {0163-1829},
journal = {Physical Review B},
month = {nov},
number = {23},
pages = {235111},
primaryClass = {cond-mat},
title = {{Numerical atomic orbitals for linear-scaling calculations}},
url = {https://link.aps.org/doi/10.1103/PhysRevB.64.235111},
volume = {64},
year = {2001}
}
@article{Price1992,
author = {Price, David L. and Cooper, Bernard R. and Wills, John M.},
doi = {10.1103/PhysRevB.46.11368},
issn = {01631829},
journal = {Physical Review B},
month = {nov},
number = {18},
pages = {11368--11375},
title = {{Full-potential linear-muffin-tin-orbital study of brittle fracture in titanium carbide}},
url = {https://link.aps.org/doi/10.1103/PhysRevB.46.11368},
volume = {46},
year = {1992}
}


























@article{rice1974,
author = {Rice, Jambs R. and Thomson, Robb},
doi = {10.1080/14786437408213555},
isbn = {0031-8086},
issn = {00318086},
journal = {Philosophical Magazine},
month = {jan},
number = {1},
pages = {73--97},
title = {{Ductile versus brittle behaviour of crystals}},
volume = {29},
year = {1974}
}
@article{Ostlund2011,
author = {\"{O}stlund, Fredrik and Howie, Philip R. and Ghisleni, Rudy and Korte, Sandra and Leifer, Klaus and Clegg, William J. and Michler, Johann},
doi = {10.1080/14786435.2010.509286},
isbn = {1478-6435 1478-6443},
issn = {1478-6435},
journal = {Philosophical Magazine},
month = {mar},
number = {7-9},
pages = {1190--1199},
title = {{Ductile--brittle transition in micropillar compression of GaAs at room temperature}},
volume = {91},
year = {2011}
}


@article{Tandaiya2008,
author = {Tandaiya, Parag and Ramamurty, U and Ravichandran, G and Narasimhan, R},
doi = {10.1016/j.actamat.2008.08.018},
isbn = {1359-6454},
issn = {13596454},
journal = {Acta Materialia},
keywords = {Finite element analysis,Metallic glasses,Poisson's ratio,Shear bands,Toughness},
number = {20},
pages = {6077--6086},
publisher = {Acta Materialia Inc.},
title = {{Effect of Poisson's ratio on crack tip fields and fracture behavior of metallic glasses}},
url = {http://dx.doi.org/10.1016/j.actamat.2008.08.018},
volume = {56},
year = {2008}
}
@article{Artacho2008,
author = {Artacho, E. and Anglada, E and Di{\'{e}}guez, O and Gale, J D and Garc{\'{i}}a, A and Junquera, J and Martin, R M and Ordej{\'{o}}n, P and Pruneda, J. M. and S{\'{a}}nchez-Portal, D and Soler, J. M.},
doi = {10.1088/0953-8984/20/6/064208},
isbn = {0953-8984},
issn = {0953-8984},
journal = {Journal of Physics: Condensed Matter},
month = {feb},
number = {6},
pages = {064208},
pmid = {21693870},
title = {{The SIESTA method; developments and applicability}},
url = {http://stacks.iop.org/0953-8984/20/i=6/a=064208?key=crossref.0aa1bec21ec48dcf8eb137012bc79b45},
volume = {20},
year = {2008}
}


@article{Hirsch1956,
author = {Hirsch, P B and Horne, R W and Whelan, M J},
doi = {10.1080/14786435608244003},
isbn = {1478643560},
issn = {0031-8086},
journal = {Philosophical Magazine},
month = {jul},
number = {7},
pages = {677--684},
publisher = {Taylor & Francis Group},
title = {{LXVIII. Direct observations of the arrangement and motion of dislocations in aluminium}},
volume = {1},
year = {1956}
}
@article{Weinberger2013,
author = {Weinberger, Christopher R. and Tucker, Garritt J. and Foiles, Stephen M.},
doi = {10.1103/PhysRevB.87.054114},
issn = {1098-0121},
journal = {Physical Review B},
month = {feb},
number = {5},
pages = {054114},
title = {{Peierls potential of screw dislocations in bcc transition metals: Predictions from density functional theory}},
url = {https://link.aps.org/doi/10.1103/PhysRevB.87.054114},
volume = {87},
year = {2013}
}
@article{Soullard1991,
author = {Soullard, J.},
doi = {10.1080/01418619108206125},
issn = {0141-8610},
journal = {Philosophical Magazine A},
month = {jul},
number = {1},
pages = {39--53},
title = {{The interaction force between the tetragonal defects and edge dislocations in the rock salt structure}},
url = {http://www.tandfonline.com/doi/abs/10.1080/01418619108206125},
volume = {64},
year = {1991}
}
@article{Tyson1966,
author = {Tyson, W. R.},
doi = {10.1080/14786436608244763},
issn = {0031-8086},
journal = {Philosophical Magazine},
month = {oct},
number = {131},
pages = {925--936},
title = {{Theoretical strength of perfect crystals}},
volume = {14},
year = {1966}
}



@book{Cripps2011,
address = {New York, NY},
author = {Fischer-Cripps, Anthony C.},
doi = {10.1007/978-1-4419-9872-9},
isbn = {978-1-4419-9871-2},
issn = {1066-5234},
pmid = {22469268},
publisher = {Springer},
series = {Mechanical Engineering Series},
title = {{Nanoindentation}},
url = {http://link.springer.com/10.1007/978-1-4419-9872-9},
year = {2011}
}

@article{Trinkle2005,
author = {Trinkle, D. R.},
doi = {10.1126/science.1118616},
isbn = {0036-8075},
issn = {0036-8075},
journal = {Science},
month = {dec},
number = {5754},
pages = {1665--1667},
title = {The Chemistry of Deformation: How Solutes Soften Pure Metals},
volume = {310},
year = {2005}
}




@article{Gao2012,
author = {Gao, Fuchang and Han, Lixing},
doi = {10.1007/s10589-010-9329-3},
isbn = {1058901093293},
issn = {0926-6003},
journal = {Computational Optimization and Applications},
keywords = {Adaptive parameter,Nelder-Mead method,Optimization,Polytope,Simplex},
month = {jan},
number = {1},
pages = {259--277},
title = {{Implementing the Nelder-Mead simplex algorithm with adaptive parameters}},
url = {http://link.springer.com/10.1007/s10589-010-9329-3},
volume = {51},
year = {2012}
}

@book{frost1982,
author = {Frost, H. J. and Ashby, M. F.},
isbn = {9780080293370},
publisher = {Pergamon Press},
title = {{Deformation-mechanism maps: the plasticity and creep of metals and ceramics}},
year = {1982}
}


@article{Louie1982,
author = {Louie, Steven G. and Froyen, Sverre and Cohen, Marvin L.},
doi = {10.1103/PhysRevB.26.1738},
isbn = {0163-1829},
issn = {01631829},
journal = {Physical Review B},
month = {aug},
number = {4},
pages = {1738--1742},
title = {{Nonlinear ionic pseudopotentials in spin-density-functional calculations}},
url = {https://link.aps.org/doi/10.1103/PhysRevB.26.1738},
volume = {26},
year = {1982}
}


@article{Hecker1978,
author = {Hecker, S. S. and Rohr, D. L. and Stein, D. F.},
doi = {10.1007/BF02646403},
issn = {0360-2133},
journal = {Metallurgical Transactions A},
number = {April},
pages = {481--488},
title = {{Brittle fracture in iridium}},
volume = {9},
year = {1978}
}
@article{Harada2004,
author = {Harada, Y. and Ohmori, M.},
doi = {10.1016/j.jmatprotec.2004.04.011},
isbn = {8153244671},
issn = {09240136},
journal = {Journal of Materials Processing Technology},
keywords = {Chromium,DBTT,Rolling},
number = {1-3},
pages = {93--99},
title = {{Ductile-brittle transition behavior of rolled chromium}},
volume = {153-154},
year = {2004}
}

























@article{Zhou1994,
author = {Zhou, S. J. and Carlsson, A. E. and Thomson, Robb},
doi = {10.1103/PhysRevLett.72.852},
isbn = {0031-9007},
issn = {00319007},
journal = {Physical Review Letters},
month = {feb},
number = {6},
pages = {852--855},
title = {{Crack blunting effects on dislocation emission from cracks}},
url = {http://linkinghub.elsevier.com/retrieve/pii/S0022509605800122 https://link.aps.org/doi/10.1103/PhysRevLett.72.852},
volume = {72},
year = {1994}
}
@article{Frenkel1938,
author = {Frenkel, Yakov Il'ich and Kontorova, Tatyana},
journal = {Physikalische Zeitschrift der Sowjetunion},
pages = {1},
title = {{The model of dislocation in solid body}},
volume = {13},
year = {1938}
}
@phdthesis{Jones2016,
author = {Jones, Robert D},
number = {August},
school = {University of Cambridge},
title = {{Deformation in A2/B2 Alloys}},
year = {2016}
}
@article{Bouras2009,
author = {Bouras, N. and Madjoubi, M.A. and Kolli, M. and Benterki, S. and Hamidouche, M.},
doi = {10.1016/j.phpro.2009.11.074},
file = {:C\:/Users/Rob/Documents/Mendeley Desktop/Bouras et al._2009_Thermal and mechanical characterization of borosilicate glass.pdf:pdf},
isbn = {0000000000},
issn = {18753892},
journal = {Physics Procedia},
keywords = {Borosilicate glass,Indentation Vickers,Strengthening,Structure,Thermal expansion},
month = {nov},
number = {3},
pages = {1135--1140},
publisher = {Elsevier},
title = {{Thermal and mechanical characterization of borosilicate glass}},
url = {http://dx.doi.org/10.1016/j.phpro.2009.11.074 http://linkinghub.elsevier.com/retrieve/pii/S1875389209001576},
volume = {2},
year = {2009}
}
@article{Ewing1900,
author = {Ewing, J A and Rosenhain, Walter},
doi = {10.1098/rspl.1899.0021},
issn = {0370-1662},
journal = {Proceedings of the Royal Society of London (1854-1905)},
month = {jan},
number = {-1},
pages = {172--177},
publisher = {The Royal Society},
title = {{Bakerian Lecture: The Crystalline Structure of Metals.}},
url = {http://www.jstor.org/stable/116118 http://rspl.royalsocietypublishing.org/cgi/doi/10.1098/rspl.1899.0021},
volume = {65},
year = {1899}
}
@article{Frank1949,
author = {Frank, F C},
doi = {10.1039/df9490500048},
issn = {0366-9033},
journal = {Discussions of the Faraday Society},
number = {48},
pages = {48},
title = {{The influence of dislocations on crystal growth}},
url = {http://xlink.rsc.org/?DOI=df9490500048},
volume = {5},
year = {1949}
}
@article{Wu2006,
archivePrefix = {arXiv},
arxivId = {cond-mat/0508004},
author = {Wu, Zhigang and Cohen, Ronald E.},
doi = {10.1103/PhysRevB.73.235116},
eprint = {0508004},
isbn = {1098-0121},
issn = {1098-0121},
journal = {Physical Review B},
month = {jun},
number = {23},
pages = {235116},
primaryClass = {cond-mat},
title = {{More accurate generalized gradient approximation for solids}},
url = {http://arxiv.org/abs/cond-mat/0508004 http://dx.doi.org/10.1103/PhysRevB.73.235116 https://link.aps.org/doi/10.1103/PhysRevB.73.235116},
volume = {73},
year = {2006}
}
@article{Uchic2004,
author = {Uchic, M. D.},
doi = {10.1126/science.1098993},
isbn = {1095-9203 (Electronic)\n0036-8075 (Linking)},
issn = {0036-8075},
journal = {Science},
number = {5686},
pages = {986--989},
pmid = {15310897},
title = {{Sample Dimensions Influence Strength and Crystal Plasticity}},
url = {http://www.sciencemag.org/cgi/doi/10.1126/science.1098993},
volume = {305},
year = {2004}
}
@misc{L-B,
address = {Berlin/Heidelberg},
author = {Every, A. G. and McCurdy, A. K.},
booktitle = {Landolt-B{\"{o}}rnstein - Group III Condensed Matter 29A},
chapter = {Second and},
doi = {10.1007/10046537_12},
pages = {51--55},
publisher = {Springer-Verlag},
title = {{Table 5. Cubic system. Intermetallic compounds}},
url = {http://materials.springer.com/lb/docs/sm_lbs_978-3-540-47609-2_12},
year = {1992}
}
@article{Javaid2017,
author = {Javaid, Farhan and Bruder, Enrico and Durst, Karsten},
doi = {10.1016/j.actamat.2017.07.055},
issn = {13596454},
journal = {Acta Materialia},
keywords = {Dislocation etch-pits,HR-EBSD,Indentation size effect,Strontium titanate},
pages = {1--10},
publisher = {Elsevier Ltd},
title = {{Indentation size effect and dislocation structure evolution in (001) oriented \ce{SrTiO3} Berkovich indentations: HR-EBSD and etch-pit analysis}},
url = {http://dx.doi.org/10.1016/j.actamat.2017.07.055},
volume = {139},
year = {2017}
}
@incollection{nabarro1987theory,
address = {New York},
author = {Nabarro, F R N},
booktitle = {Theory of crystal dislocations},
chapter = {3},
isbn = {9780486654881},
pages = {120--154},
publisher = {Dover Publications},
series = {Dover Books on Physics and Chemistry},
title = {{Stationary Dislocations in a Crystal}},
year = {1987}
}
@article{Woo1976,
author = {Woo, C H and Puls, M P},
doi = {10.1088/0022-3719/9/2/001},
isbn = {0022-3719},
issn = {0022-3719},
journal = {Journal of Physics C: Solid State Physics},
month = {jan},
number = {2},
pages = {L27--L31},
title = {{An improved method of calculating the lattice friction stress using an atomistic model}},
url = {http://stacks.iop.org/0022-3719/9/i=2/a=001?key=crossref.3862f32ed4c06e8e75c04a70db640e0d},
volume = {9},
year = {1976}
}
@article{Korte2012NbCo,
author = {Korte, Sandra and Clegg, William J.},
doi = {10.1002/adem.201200175},
issn = {14381656},
journal = {Advanced Engineering Materials},
month = {nov},
number = {11},
pages = {991--997},
title = {{Studying plasticity in hard and soft Nb-Co intermetallics}},
url = {http://doi.wiley.com/10.1002/adem.201200175},
volume = {14},
year = {2012}
}
@article{Clark2005,
author = {Clark, Stewart J. and Segall, Matthew D. and Pickard, Chris J. and Hasnip, Phil J. and Probert, Matt I. J. and Refson, Keith and Payne, Mike C.},
doi = {10.1524/zkri.220.5.567.65075},
issn = {2196-7105},
journal = {Zeitschrift f\"{u}r Kristallographie - Crystalline Materials},
month = {jan},
number = {5/6},
pages = {567},
title = {{First principles methods using CASTEP}},
url = {http://www.degruyter.com/view/j/zkri.2005.220.issue-5-6-2005/zkri.220.5.567.65075/zkri.220.5.567.65075.xml%5Cnhttp://www.degruyter.com/dg/viewarticle.fullcontentlink:pdfeventlink/$002fj$002fzkri.2005.220.issue-5-6-2005$002fzkri.220.5.567.65075$002fzkri.22},
volume = {220},
year = {2005}
}
@incollection{Hirth_Lothe1982intro,
address = {New York},
author = {Hirth, John Price and Lothe, Jens},
booktitle = {Theory of Dislocations},
chapter = {1},
edition = {2},
pages = {3--28},
publisher = {John Wiley \& Sons, Ltd},
title = {{Introductory material}},
year = {1982}
}
@article{Ingle2016,
author = {Ingle, Nikhil Ashok and Lakade, Sanjay Shridhar},
doi = {10.1016/j.egypro.2016.11.209},
isbn = {9788599141038},
issn = {18766102},
journal = {Energy Procedia},
month = {dec},
pages = {423--431},
pmid = {19963286},
title = {{Design and Development of Downdraft Gasifier to Generate Producer Gas}},
url = {http://linkinghub.elsevier.com/retrieve/pii/S1876610216314199},
volume = {90},
year = {2016}
}
@article{Ledbetter1973,
author = {Ledbetter, H. M. and Reed, R. P.},
doi = {10.1063/1.3253127},
file = {:C\:/Users/Rob/Documents/Mendeley Desktop/Ledbetter, Reed_1973_Elastic Properties of Metals and Alloys, I. Iron, Nickel, and Iron‐Nickel Alloys.pdf:pdf},
isbn = {00472689},
issn = {0047-2689},
journal = {Journal of Physical and Chemical Reference Data},
keywords = {bulk modulus,compressibility,debye temperatures,elastic constants,iron,iron alloys,lam{\'{e}} constants,nickel,nickel alloys,poisson's ratio,shear modulus,single-crystal elastic coefficients,young's modulus},
month = {jul},
number = {3},
pages = {531--618},
title = {{Elastic Properties of Metals and Alloys, I. Iron, Nickel, and Iron‐Nickel Alloys}},
volume = {2},
year = {1973}
}
@article{Pettifor1991,
author = {Pettifor, D. G. and Aoki, M. and Murrell, J. N. and Cottrell, A. and Stoneham, A. M.},
doi = {10.1098/rsta.1991.0024},
issn = {1364-503X},
journal = {Philosophical Transactions of the Royal Society A: Mathematical, Physical and Engineering Sciences},
number = {1635},
pages = {439--449},
title = {{Bonding and Structure of Intermetallics: A New Bond Order Potential [and Discussion]}},
url = {http://rsta.royalsocietypublishing.org/cgi/doi/10.1098/rsta.1991.0024},
volume = {334},
year = {1991}
}
@article{Cover2008,
author = {Cover, M. F. and Warschkow, O. and Bilek, M. M. M. and McKenzie, D. R.},
doi = {10.1002/adem.200800109},
issn = {14381656},
journal = {Advanced Engineering Materials},
number = {10},
pages = {935--938},
title = {{Elastic properties of \ce{Ti_{n+1}AlC_n} and \ce{Ti_{n+1}AlN_n} MAX phases}},
volume = {10},
year = {2008}
}
@article{Klimker1974,
author = {Klimker, H. and Rosen, M. and Dariel, M. P. and Atzmony, U.},
doi = {10.1103/PhysRevB.10.2968},
issn = {0556-2805},
journal = {Physical Review B},
number = {7},
pages = {2968--2972},
title = {{Elastic and magnetoelastic properties of polycrystalline rare-earth-iron Laves compounds}},
url = {https://link.aps.org/doi/10.1103/PhysRevB.10.2968},
volume = {10},
year = {1974}
}
@article{Mulliken1934,
author = {Mulliken, Robert S.},
doi = {10.1063/1.1749394},
isbn = {00219606 (ISSN)},
issn = {0021-9606},
journal = {The Journal of Chemical Physics},
month = {nov},
number = {11},
pages = {782--793},
pmid = {743},
title = {{A New Electroaffinity Scale; Together with Data on Valence States and on Valence Ionization Potentials and Electron Affinities}},
url = {http://aip.scitation.org/doi/10.1063/1.1749394},
volume = {2},
year = {1934}
}
@article{Skrotzki1983,
author = {Skrotzki, W. and Suzuki, T.},
doi = {10.1080/00337578308218425},
issn = {0033-7579},
journal = {Radiation Effects},
number = {1-4},
pages = {315--322},
title = {{Peierls stresses of ionic crystals with the NaCl-structure}},
volume = {74},
year = {1983}
}
@article{Medvedeva2011,
author = {Medvedeva, N. I. and Enyashin, A. N. and Ivanovskii, A. L.},
doi = {10.1134/S0022476611040226},
isbn = {0022-4766},
issn = {0022-4766},
journal = {Journal of Structural Chemistry},
month = {aug},
number = {4},
pages = {785--802},
title = {{Modeling of the electronic structure, chemical bonding, and properties of ternary silicon carbide \ce{Ti3SiC2}}},
url = {http://link.springer.com/10.1134/S0022476611040226},
volume = {52},
year = {2011}
}
@article{Griffith1920,
archivePrefix = {arXiv},
arxivId = {arXiv:1011.1669v3},
author = {Griffith, A. A.},
doi = {10.1098/rsta.1921.0006},
eprint = {arXiv:1011.1669v3},
isbn = {0264-3952},
issn = {1364-503X},
journal = {Philosophical Transactions of the Royal Society A: Mathematical, Physical and Engineering Sciences},
month = {jan},
number = {582-593},
pages = {163--198},
pmid = {25246403},
title = {{The Phenomena of Rupture and Flow in Solids}},
url = {http://rsta.royalsocietypublishing.org/cgi/doi/10.1098/rsta.1921.0006},
volume = {221},
year = {1921}
}



















@article{orowan1934i,
author = {Orowan, Egon},
doi = {10.1007/BF01341478},
isbn = {0939-7922},
issn = {14346001},
journal = {Zeitschrift f\"{u}r Physik},
number = {9-10},
pages = {605--613},
publisher = {Springer-Verlag},
title = {{Zur Kristallplastizit\"{a}t. I - Tieftemperaturplastizit\"{a}t und Beckersche Formel}},
volume = {89},
year = {1934}
}
@article{Suzuki1999,
author = {Suzuki, T. and Yasutomi, T. and Tokuoka, T. and Yonenaga, I.},
doi = {10.1080/014186199251247},
isbn = {0141-8610},
issn = {0141-8610},
journal = {Philosophical Magazine A},
month = {nov},
number = {11},
pages = {2637--2654},
title = {{Plastic deformation of GaAs at low temperatures}},
url = {http://www.tandfonline.com/doi/abs/10.1080/01418619908212015 http://journalsonline.tandf.co.uk/Index/10.1080/014186199251247},
volume = {79},
year = {1999}
}
@article{Frenkel1926,
author = {Frenkel, J.},
doi = {10.1007/BF01397292},
issn = {1434-6001},
journal = {Zeitschrift f\"ur Physik},
month = {jul},
number = {7-8},
pages = {572--609},
title = {{Zur Theorie der Elastizit\"atsgrenze und der Festigkeit kristallinischer K\"orper}},
url = {http://link.springer.com/10.1007/BF01397292},
volume = {37},
year = {1926}
}
@article{Gouriet2014,
author = {Gouriet, K and Carrez, Ph and Cordier, P},
doi = {doi:10.1088/0965-0393/22/2/025020},
isbn = {0965-0393},
issn = {0965-0393},
journal = {Modelling and Simulation in Materials Science and Engineering},
keywords = {22,appear in colour only,available from stacks,dislocations,in the online journal,iop,mgsio 3 perovskite,msmse,nabarro model,org,peierls,s online supplementary data,some fi gures may},
pages = {025020 (1--17)},
title = {{Modelling [1\,0\,0] and [0\,1\,0] screw dislocations in \ce{MgSiO3} perovskite based on the Peierls--Nabarro--Galerkin model}},
volume = {22},
year = {2014}
}
@article{Ghosh2004,
author = {Ghosh, G.},
doi = {10.1557/JMR.2004.0193},
isbn = {9781558999893},
issn = {0884-2914},
journal = {Journal of Materials Research},
number = {05},
pages = {1439--1454},
title = {{Elastic properties, hardness, and indentation fracture toughness of intermetallics relevant to electronic packaging}},
volume = {19},
year = {2004}
}
@incollection{kelly_knowles2012chapter6_stress_strain_mendeley,
address = {Chichester, UK},
author = {Kelly, Anthony and Knowles, Kevin M},
booktitle = {Crystallography and Crystal Defects},
chapter = {6},
doi = {10.1002/9781119961468.ch6},
edition = {2},
month = {jan},
pages = {165--196},
publisher = {John Wiley \& Sons, Ltd},
title = {{Strain, Stress, Piezoelectricity and Elasticity}},
year = {2012}
}
@article{Zhuang2017,
author = {Zhuang, Houlong L. and Chen, Mohan and Carter, Emily A.},
doi = {10.1088/1361-651X/aa7e0c},
issn = {0965-0393},
journal = {Modelling and Simulation in Materials Science and Engineering},
keywords = {composition,crystal structure,ductility,elastic modulus,firstprinciples calculations},
month = {oct},
number = {7},
pages = {075002},
publisher = {IOP Publishing},
title = {{Prediction and characterization of an Mg-Al intermetallic compound with potentially improved ductility via orbital-free and Kohn-Sham density functional theory}},
url = {http://stacks.iop.org/0965-0393/25/i=7/a=075002?key=crossref.84f9aad1e790f1843bc50132c6e4ff8b},
volume = {25},
year = {2017}
}
@article{Tanaka2007,
author = {Tanaka, Katsushi and Ohashi, Takashi and Kishida, Kyosuke and Inui, Haruyuki},
doi = {10.1063/1.2805020},
issn = {00036951},
journal = {Applied Physics Letters},
number = {18},
pages = {181907},
title = {{Single-crystal elastic constants of \ce{Co3}(Al,W) with the $L1_2$ structure}},
url = {http://scitation.aip.org/content/aip/journal/apl/91/18/10.1063/1.2805020},
volume = {91},
year = {2007}
}
@article{Buckingham1938,
author = {Buckingham, R. A.},
doi = {10.1098/rspa.1938.0173},
issn = {1364-5021},
journal = {Proceedings of the Royal Society A: Mathematical, Physical and Engineering Sciences},
month = {oct},
number = {933},
pages = {264--283},
title = {{The Classical Equation of State of Gaseous Helium, Neon and Argon}},
url = {http://rspa.royalsocietypublishing.org/cgi/doi/10.1098/rspa.1938.0173},
volume = {168},
year = {1938}
}
@article{Sekkal2010,
author = {Sekkal, A. and Benzair, A. and Aourag, H. and Faraoun, H. I. and Merad, G.},
doi = {10.1016/j.physb.2010.04.002},
issn = {09214526},
journal = {Physica B: Condensed Matter},
keywords = {Elastic properties,Intermetallic compounds,Quasi-harmonic model},
number = {13},
pages = {2831--2835},
publisher = {Elsevier},
title = {{Structural and thermoelastic properties of the B2-YX (X=Cu, Mg and Rh) intermetallic compounds}},
url = {http://dx.doi.org/10.1016/j.physb.2010.04.002},
volume = {405},
year = {2010}
}
@article{Miranda2005,
author = {Miranda, Caetano R. and Scandolo, Sandro},
doi = {10.1016/j.cpc.2005.03.007},
isbn = {0010-4655},
issn = {00104655},
journal = {Computer Physics Communications},
keywords = {Deformation,Dislocation,MgO,Peierls-Nabarro model},
month = {jul},
number = {1-3},
pages = {24--27},
title = {{Computational materials science meets geophysics: dislocations and slip planes of MgO}},
url = {http://linkinghub.elsevier.com/retrieve/pii/S0010465505001049},
volume = {169},
year = {2005}
}
@incollection{hirth_lothe1982elasticity,
address = {New York},
author = {Hirth, John Price and Lothe, Jens},
booktitle = {Theory of Dislocations},
chapter = {2},
edition = {2},
pages = {29--57},
publisher = {John Wiley \& Sons, Ltd},
title = {{Elasticity}},
year = {1982}
}
@article{Ogata2004,
author = {Ogata, Shigenobu and Li, Ju and Hirosaki, Naoto and Shibutani, Yoji and Yip, Sidney},
doi = {10.1103/PhysRevB.70.104104},
isbn = {1098-0121},
issn = {1098-0121},
journal = {Physical Review B},
month = {sep},
number = {10},
pages = {104104},
title = {{Ideal shear strain of metals and ceramics}},
volume = {70},
year = {2004}
}








































@article{Koster1961,
author = {K\"oster, Werner and Franz, H.},
doi = {10.1179/mtlr.1961.6.1.1},
isbn = {0076-6690},
issn = {0076-6690},
journal = {Metallurgical Reviews},
number = {21},
pages = {1--56},
title = {{Poisson's ratio for metals and alloys}},
url = {http://www.maneyonline.com/doi/abs/10.1179/mtlr.1961.6.1.1 http://www.tandfonline.com/doi/full/10.1179/mtlr.1961.6.1.1},
volume = {6},
year = {1961}
}
@article{Numpy2011,
archivePrefix = {arXiv},
arxivId = {1102.1523},
author = {van der Walt, St{\'{e}}fan and Colbert, S. Chris and Varoquaux, Ga{\"{e}}l},
doi = {10.1109/MCSE.2011.37},
eprint = {1102.1523},
isbn = {1521-9615 VO - 13},
issn = {1521-9615},
journal = {Computing in Science \& Engineering},
keywords = {NumPy,Python,numerical computations,programming libraries,scientific programming},
month = {mar},
number = {2},
pages = {22--30},
pmid = {1000224770},
title = {{The NumPy Array: A Structure for Efficient Numerical Computation}},
url = {http://ieeexplore.ieee.org/document/5725236/},
volume = {13},
year = {2011}
}
@article{Argont1996,
author = {Argon, A. S. and Maloof, S. R.},
doi = {10.1016/0001-6160(66)90165-9},
issn = {00016160},
journal = {Acta Metallurgica},
month = {nov},
number = {11},
pages = {1449--1462},
title = {{Plastic deformation of tungsten single crystals at low temperatures}},
url = {https://ac.els-cdn.com/0001616066901659/1-s2.0-0001616066901659-main.pdf?_tid=ecdcb836-a9d7-11e7-8dd1-00000aacb35f&acdnat=1507213234_01bea138f0c7884f399527ddfb65364a%0Ahttp://ac.els-cdn.com/0001616066901659/1-s2.0-0001616066901659-main.pdf?_tid=13384410-0},
volume = {14},
year = {1966}
}
@article{Celli1976,
author = {Celli, V. and Flytzanis, N. and Crowley, S.},
doi = {10.1016/0022-3697(76)90141-4},
issn = {00223697},
journal = {Journal of Physics and Chemistry of Solids},
month = {jan},
number = {12},
pages = {1125--1133},
title = {{Analysis of the displacement field of a moving dislocation in a crystal}},
url = {http://linkinghub.elsevier.com/retrieve/pii/0022369776901414},
volume = {37},
year = {1976}
}
@article{Chu1999a,
author = {Chu, F. and Thoma, D. J. and McClellan, K. and Peralta, P. and He, Y.},
doi = {10.1016/S0966-9795(98)00059-4},
isbn = {0966-9795},
issn = {09669795},
journal = {Intermetallics},
keywords = {a,b,c,crystal growth,mechanical properties at ambient,molybdenum silicides,temperatures,thermal properties},
number = {5},
pages = {611--620},
title = {{Synthesis and properties of \ce{Mo5Si3} single crystals}},
volume = {7},
year = {1999}
}
@article{Horn1952,
author = {Horn, F. Hubbard},
doi = {10.1080/14786441108521027},
issn = {1941-5982},
journal = {The London, Edinburgh, and Dublin Philosophical Magazine and Journal of Science},
month = {nov},
number = {346},
pages = {1210--1213},
publisher = {Taylor & Francis Group},
title = {{CXX. Screw dislocations, etch figures, and holes}},
volume = {43},
year = {1952}
}
@article{Brandt1987,
author = {Brandt, S. and Skrotzki, W. and Haasen, P.},
doi = {10.1051/jphyscol:1987809},
issn = {0449-1947},
journal = {Le Journal de Physique Colloques},
month = {dec},
number = {C8},
pages = {C8--89--C8--94},
title = {{Internal Friction of deformed NaCl}},
url = {http://www.edpsciences.org/10.1051/jphyscol:1987809},
volume = {48},
year = {1987}
}
@article{Steurer2006,
author = {Steurer, W.},
doi = {10.1080/14786430500419387},
issn = {14786435},
journal = {Philosophical Magazine},
number = {6-8},
pages = {1105--1113},
title = {{Stable clusters in quasicrystals: Fact or fiction?}},
url = {http://www.tandfonline.com/doi/abs/10.1080/14786430500419387},
volume = {86},
year = {2006}
}
@article{ISI:000403016800108,
address = {233 SPRING ST, NEW YORK, NY 10013 USA},
author = {Ullah, Noor and Ali, Zahid and Khan, Imad and Rehman, Gul and Ahmad, Iftikhar},
doi = {10.1007/s11664-017-5450-8},
file = {:C\:/Users/Rob/Documents/Mendeley Desktop/Ullah et al._2017_Structural, Mechanical and Optoelectronic Properties of ce{Y2M2O7} (M = Ti, V and Nb) Pyrochlores A First Principles S.pdf:pdf},
issn = {0361-5235},
journal = {Journal of Electronic Materials},
keywords = {Pyrochlores,chemical bonding,electronic band pro},
month = {jul},
number = {7},
pages = {4640--4648},
publisher = {SPRINGER},
title = {{Structural, Mechanical and Optoelectronic Properties of \ce{Y2M2O7} (M = Ti, V and Nb) Pyrochlores: A First Principles Study}},
type = {Article},
url = {http://link.springer.com/10.1007/s11664-017-5450-8},
volume = {46},
year = {2017}
}
@article{Stein2005,
author = {Stein, F. and Palm, M. and Sauthoff, G.},
doi = {10.1016/j.intermet.2004.11.001},
isbn = {0966-9795},
issn = {09669795},
journal = {Intermetallics},
keywords = {A. Laves phases,B. Phase transformations},
month = {jan},
number = {10},
pages = {1056--1074},
title = {{Structure and stability of Laves phases part II - Structure type variations in binary and ternary systems}},
url = {http://linkinghub.elsevier.com/retrieve/pii/S0966979504003826},
volume = {13},
year = {2005}
}
@article{Korte2011b,
author = {Korte, S. and Clegg, W.J.},
doi = {10.1080/14786435.2010.505179},
file = {:C\:/Users/Rob/Documents/Mendeley Desktop/Korte, Clegg_2011_Discussion of the dependence of the effect of size on the yield stress in hard materials studied by microcompression o.pdf:pdf},
isbn = {1478-6435},
issn = {1478-6435},
journal = {Philosophical Magazine},
keywords = {brittle materials,microcompression,size effect},
month = {mar},
number = {7-9},
pages = {1150--1162},
title = {{Discussion of the dependence of the effect of size on the yield stress in hard materials studied by microcompression of MgO}},
url = {http://www.tandfonline.com/doi/abs/10.1080/14786435.2010.505179 http://linkinghub.elsevier.com/retrieve/pii/S0749641911000854},
volume = {91},
year = {2011}
}
@article{Menter1956,
author = {Menter, J. W.},
doi = {10.1098/rspa.1956.0117},
isbn = {1478-6435},
issn = {1364-5021},
journal = {Proceedings of the Royal Society A: Mathematical, Physical and Engineering Sciences},
month = {jul},
number = {1204},
pages = {119--135},
title = {{The Direct Study by Electron Microscopy of Crystal Lattices and their Imperfections}},
url = {http://rspa.royalsocietypublishing.org/cgi/doi/10.1098/rspa.1956.0117},
volume = {236},
year = {1956}
}
@article{Staroverov2004,
author = {Staroverov, Viktor N. and Scuseria, Gustavo E. and Tao, Jianmin and Perdew, John P.},
doi = {10.1103/PhysRevB.69.075102},
isbn = {1098-0121},
issn = {1098-0121},
journal = {Physical Review B},
month = {feb},
number = {7},
pages = {075102},
pmid = {2497},
title = {{Tests of a ladder of density functionals for bulk solids and surfaces}},
url = {https://link.aps.org/doi/10.1103/PhysRevB.69.075102},
volume = {69},
year = {2004}
}
@article{Cover2009,
author = {Cover, M F and Warschkow, O and Bilek, M M M and McKenzie, D R},
doi = {10.1088/0953-8984/21/30/305403},
isbn = {0953-8984},
issn = {0953-8984},
journal = {Journal of physics. Condensed matter : an Institute of Physics journal},
number = {30},
pages = {305403},
pmid = {21828551},
title = {{A comprehensive survey of \ce{M2AX} phase elastic properties.}},
url = {http://www.ncbi.nlm.nih.gov/pubmed/21828551},
volume = {21},
year = {2009}
}
@article{Rao1990,
address = {Chichester, UK},
author = {Rao, B Srinivasa and Sanyal, S. P.},
doi = {10.1103/PhysRevB.42.1810},
isbn = {9780470744383},
issn = {0163-1829},
journal = {Physical Review B},
month = {jul},
number = {3},
pages = {1810--1816},
title = {{Structural and elastic properties of sodium halides at high pressure}},
url = {http://doi.wiley.com/10.1002/9780470744383.ch3 https://link.aps.org/doi/10.1103/PhysRevB.42.1810},
volume = {42},
year = {1990}
}
@phdthesis{Humphrey2012,
author = {Humphrey, Caroline},
school = {University of Cambridge},
title = {{Deformation in MAX Phases}},
year = {2012}
}
@article{Lejaeghere2016,
author = {Lejaeghere, K. and Bihlmayer, G. and Bjorkman, T. and Blaha, P. and Blugel, S. and Blum, V. and Caliste, D. and Castelli, I. E. and Clark, S. J. and {Dal Corso}, A. and de Gironcoli, S. and Deutsch, T. and Dewhurst, J. K. and {Di Marco}, I. and Draxl, C. and Du ak, M. and Eriksson, O. and Flores-Livas, J. A. and Garrity, K. F. and Genovese, L. and Giannozzi, P. and Giantomassi, M. and Goedecker, S. and Gonze, X. and Granas, O. and Gross, E. K. U. and Gulans, A. and Gygi, F. and Hamann, D. R. and Hasnip, P. J. and Holzwarth, N. A. W. and Iu an, D. and Jochym, D. B. and Jollet, F. and Jones, D. and Kresse, G. and Koepernik, K. and Kucukbenli, E. and Kvashnin, Y. O. and Locht, I. L. M. and Lubeck, S. and Marsman, M. and Marzari, N. and Nitzsche, U. and Nordstrom, L. and Ozaki, T. and Paulatto, L. and Pickard, C. J. and Poelmans, W. and Probert, M. I. J. and Refson, K. and Richter, M. and Rignanese, G.-M. and Saha, S. and Scheffler, M. and Schlipf, M. and Schwarz, K. and Sharma, S. and Tavazza, F. and Thunstrom, P. and Tkatchenko, A. and Torrent, M. and Vanderbilt, D. and van Setten, M. J. and {Van Speybroeck}, V. and Wills, J. M. and Yates, J. R. and Zhang, G.-X. and Cottenier, S.},
doi = {10.1126/science.aad3000},
isbn = {0036-8075, 1095-9203},
issn = {0036-8075},
journal = {Science},
month = {mar},
number = {6280},
pages = {aad3000},
pmid = {27013736},
title = {{Reproducibility in density functional theory calculations of solids}},
url = {http://www.sciencemag.org/cgi/doi/10.1126/science.aad3000},
volume = {351},
year = {2016}
}
@article{Gruber2016,
author = {Gruber, Jacob and Lang, Andrew C. and Griggs, Justin and Taheri, Mitra L. and Tucker, Garritt J. and Barsoum, Michel W.},
doi = {10.1038/srep33451},
isbn = {2045-2322},
issn = {20452322},
journal = {Scientific Reports},
month = {dec},
number = {1},
pages = {33451},
title = {{Evidence for Bulk Ripplocations in Layered Solids}},
url = {http://www.nature.com/articles/srep33451},
volume = {6},
year = {2016}
}
@article{Cottrell1949,
author = {Cottrell, A.H},
doi = {10.1016/0502-8205(49)90004-0},
isbn = {0-471-09125-1},
issn = {05028205},
journal = {Progress in Metal Physics},
month = {jan},
pages = {77--126},
pmid = {1542251},
title = {{Theory of dislocations}},
url = {http://linkinghub.elsevier.com/retrieve/pii/0502820549900040},
volume = {1},
year = {1949}
}
@article{Millman2007,
author = {Millman, K Jarrod and Aivazis, Michael},
doi = {10.1109/MCSE.2011.36},
issn = {1521-9615},
journal = {Computing in Science \& Engineering},
month = {mar},
number = {2},
pages = {9--12},
title = {{Python for Scientists and Engineers}},
url = {http://ieeexplore.ieee.org/document/5725235/},
volume = {13},
year = {2011}
}
@article{Borvin1990,
author = {Borvin, P and Rabier, J. and Garem, H.},
doi = {10.1080/01418619008231940},
issn = {0141-8610},
journal = {Philosophical Magazine A},
month = {apr},
number = {4},
pages = {647--672},
title = {{Plastic deformation of GaAs single crystals as a function of electronic doping II: Low temperatures (\SI{20}{\celsius}--\SI{300}{\celsius})}},
url = {http://www.tandfonline.com/doi/abs/10.1080/01418619008231940},
volume = {61},
year = {1990}
}
@article{Panfilov2001,
author = {Panfilov, Peter and Yermakov, Alexander},
issn = {00321400},
journal = {Platinum Metals Review},
number = {4},
pages = {179--183},
title = {{Brittle intercrystalline fracture in iridium}},
volume = {45},
year = {2001}
}
@article{polanyi1934,
author = {Polanyi, M},
doi = {10.1007/BF01341481},
issn = {1434-6001},
journal = {Zeitschrift f\"ur Physik},
month = {sep},
number = {9-10},
pages = {660--664},
publisher = {Springer-Verlag},
title = {{\"Uber eine Art Gitterst\"orung, die einen Kristall plastisch machen k\"onnte}},
url = {http://link.springer.com/10.1007/BF01341481},
volume = {89},
year = {1934}
}
@article{Perdew1996,
archivePrefix = {arXiv},
arxivId = {10.1016/0927-0256(96)00008},
author = {Perdew, John P. and Burke, Kieron and Ernzerhof, Matthias},
doi = {10.1103/PhysRevLett.77.3865},
eprint = {0927-0256(96)00008},
isbn = {9780596529321},
issn = {0031-9007},
journal = {Physical Review Letters},
number = {18},
pages = {3865--3868},
pmid = {10062328},
primaryClass = {10.1016},
title = {{Generalized Gradient Approximation Made Simple}},
volume = {77},
year = {1996}
}
@misc{Momma2014,
author = {Momma, Koichi and Izumi, Fujio},
file = {:C\:/Users/Rob/Documents/Mendeley Desktop/Momma, Izumi_2014_VESTA a Three-Dimensional Visualization System for Electronic and Structural Analysis.pdf:pdf},
pages = {1--2},
title = {{VESTA: a Three-Dimensional Visualization System for Electronic and Structural Analysis}},
url = {jp-minerals.org/vesta/en/doc.html},
year = {2014}
}



































@book{nocedal2006,
address = {New York},
author = {Nocedal, Jorge and Wright, S.},
doi = {10.1007/978-0-387-40065-5},
edition = {second},
pages = {136},
publisher = {Springer New York},
series = {Springer Series in Operations Research and Financial Engineering},
title = {{Numerical Optimization}},
year = {2006}
}
@article{Hoagland1976,
author = {Hoagland, R G and Hirth, J P and Gehlen, P C},
doi = {10.1080/14786437608222033},
issn = {0031-8086},
journal = {Philosophical Magazine},
month = {sep},
number = {3},
pages = {413--439},
title = {{Atomic simulation of the dislocation core structure and Peierls stress in alkali halide}},
url = {http://www.tandfonline.com/doi/abs/10.1080/14786437608222033},
volume = {34},
year = {1976}
}
@incollection{huheey1983ch3_electronegativity,
author = {Huheey, J E},
booktitle = {Inorganic chemistry: Principles of structure and reactivity},
chapter = {3},
edition = {3},
isbn = {9780063629875},
pages = {137--160},
publisher = {Harper \& Row},
title = {{Bonding models in inorganic chemistry}},
year = {1983}
}
@article{Wang2015,
author = {Wang, Guisheng and Sch\"onecker, Stephan and Hertzman, Staffan and Hu, Qing Miao and Johansson, B\"orje and Kwon, Se Kyun and Vitos, Levente},
doi = {10.1103/PhysRevB.91.224203},
issn = {1550235X},
journal = {Physical Review B - Condensed Matter and Materials Physics},
number = {22},
pages = {1--14},
title = {{Ab initio prediction of the mechanical properties of alloys: The case of Ni/Mn-doped ferromagnetic Fe}},
volume = {91},
year = {2015}
}
@article{puls1976,
author = {Puls, M. P. and Norgett, M. J.},
doi = {10.1063/1.322670},
issn = {0021-8979},
journal = {Journal of Applied Physics},
month = {feb},
number = {2},
pages = {466--477},
title = {{Atomistic calculation of the core structure and Peierls energy of an ($a/2$) [1\,1\,0] edge dislocation in MgO}},
url = {http://aip.scitation.org/doi/10.1063/1.322670},
volume = {47},
year = {1976}
}
@article{Reusch1867,
author = {Reusch, E.},
doi = {10.1002/andp.18672081106},
issn = {00033804},
journal = {Annalen der Physik und Chemie},
number = {11},
pages = {441--451},
title = {{Ueber eine besondere Gattung von Durchg\"{a}ngen im Steinsalz und Kalkspath}},
url = {http://doi.wiley.com/10.1002/andp.18672081106},
volume = {208},
year = {1867}
}
@incollection{kelly2012ch9,
address = {Chichester, UK},
author = {Kelly, Anthony and Knowles, Kevin M},
booktitle = {Crystallography and Crystal Defects},
chapter = {9},
doi = {10.1002/9781119961468.ch9},
edition = {2},
pages = {269--304},
publisher = {John Wiley \& Sons, Ltd},
title = {{Dislocations in Crystals}},
year = {2012}
}
@article{Barsoum1999,
author = {Barsoum, M. W. and El-Raghy, T.},
doi = {10.1007/s11661-999-0325-0},
isbn = {1073-5623},
issn = {1073-5623},
journal = {Metallurgical and Materials Transactions A},
month = {feb},
number = {2},
pages = {363--369},
title = {{Room-temperature ductile carbides}},
url = {http://link.springer.com/10.1007/s11661-999-0325-0},
volume = {30},
year = {1999}
}






































@article{Nelder1965,
author = {Nelder, J. A. and Mead, R.},
doi = {10.1093/comjnl/7.4.308},
isbn = {9781605580852},
issn = {0010-4620},
journal = {The Computer Journal},
month = {jan},
number = {4},
pages = {308--313},
title = {{A Simplex method for function minimization}},
url = {http://apps.isiknowledge.com.gate6.inist.fr/full_record.do?product=WOS&search_mode=GeneralSearch&qid=2&SID=R1L1cN2N12FbagJN87d&page=1&doc=2 https://academic.oup.com/comjnl/article-lookup/doi/10.1093/comjnl/7.4.308},
volume = {7},
year = {1965}
}
@article{Fleischer1989,
author = {Fleischer, R. L. and Gilmore, R. S. and Zabala, R. J.},
doi = {10.1016/0001-6160(89)90314-3},
issn = {00016160},
journal = {Acta Metallurgica},
month = {oct},
number = {10},
pages = {2801--2803},
title = {{Elastic moduli of polycrystalline, high-temperature binary intermetallic compounds}},
url = {http://linkinghub.elsevier.com/retrieve/pii/0001616089903143},
volume = {37},
year = {1989}
}
@article{Schoeck2005,
author = {Schoeck, Gunther},
doi = {10.1016/j.msea.2005.03.050},
isbn = {0921-5093},
issn = {09215093},
journal = {Materials Science and Engineering: A},
keywords = {Peierls energy,Peierls model},
month = {jul},
number = {1-2 SUPPL.},
pages = {7--17},
title = {{The Peierls model: Progress and limitations}},
volume = {400-401},
year = {2005}
}
@article{Troullier1991a,
author = {Troullier, N and Martins, J. Lu\'is},
doi = {10.1103/PhysRevB.43.8861},
issn = {0163-1829},
journal = {Physical Review B},
month = {apr},
number = {11},
pages = {8861--8869},
title = {{Efficient pseudopotentials for plane-wave calculations. II. Operators for fast iterative diagonalization}},
volume = {43},
year = {1991}
}
@misc{Garcia2017,
author = {Garc\'{i}a, Alberto},
booktitle = {Siesta tutorial},
number = {4.2.0},
title = {{ATOM User Manual}},
url = {https://departments.icmab.es/leem/siesta/Pseudopotentials/Code/downloads.html},
year = {2017}
}
@incollection{nabarro1967theory,
address = {New York},
author = {Nabarro, F R N},
booktitle = {Theory of crystal dislocations},
chapter = {3},
isbn = {9780486654881},
pages = {120--154},
publisher = {Clarendon Press},
series = {Dover Books on Physics and Chemistry},
title = {{Stationary Dislocations in a Crystal}},
year = {1967}
}
@article{Morris2004,
author = {Morris, James R. and Ye, Yiying and Lee, Yong B. and Harmon, Bruce N. and Gschneidner, Karl A. and Russell, Alan M.},
doi = {10.1016/j.actamat.2004.06.050},
isbn = {1359-6454},
issn = {13596454},
journal = {Acta Materialia},
keywords = {Ab initio electron theory,Dislocation,Intermetallic phases,Plastic deformation,Slip systems},
number = {16},
pages = {4849--4857},
title = {{Ab initio calculation of bulk and defect properties of ductile rare-earth intermetallic compounds}},
volume = {52},
year = {2004}
}
@phdthesis{Stopher2017,
author = {Stopher, Miles A},
school = {University of Cambridge},
title = {{Hydrogen embrittlement in nuclear alloys and bearing steels: From quantum mechanics to thermokinetics}},
year = {2017}
}
@article{Ledbetter2008,
author = {Ledbetter, Hassel and Migliori, Albert},
doi = {10.1002/pssb.200743075},
issn = {03701972},
journal = {Physica Status Solidi (B) Basic Research},
number = {1},
pages = {44--49},
title = {{Elastic-constant systematics in f.c.c. metals, including lanthanides-actinides}},
volume = {245},
year = {2008}
}
@article{Devlin1981,
author = {Devlin, J F},
doi = {10.1088/0305-4608/11/12/004},
issn = {0305-4608},
journal = {Journal of Physics F: Metal Physics},
number = {12},
pages = {2497--2513},
title = {{Stacking-fault energies in simple metals: applications to BCC metals}},
volume = {11},
year = {1981}
}
@article{Marsh1964,
author = {Marsh, D. M.},
doi = {10.1098/rspa.1964.0114},
issn = {1364-5021},
journal = {Proceedings of the Royal Society A: Mathematical, Physical and Engineering Sciences},
month = {jun},
number = {1378},
pages = {420--435},
title = {{Plastic Flow in Glass}},
url = {http://rspa.royalsocietypublishing.org/cgi/doi/10.1098/rspa.1964.0114},
volume = {279},
year = {1964}
}
@article{Greaves2011,
author = {Greaves, G N and Greer, A L and Lakes, R S and Rouxel, T},
doi = {10.1038/nmat3134},
isbn = {1476-1122 (Print)\r1476-1122 (Linking)},
issn = {1476-1122},
journal = {Nature materials},
number = {11},
pages = {823--837},
pmid = {22020006},
title = {{Poisson's ratio and modern materials}},
volume = {10},
year = {2011}
}
@article{Shein2011,
author = {Shein, Igor R. and Ivanovskii, Alexander L.},
doi = {10.1002/pssb.201046163},
isbn = {0370-1972},
issn = {03701972},
journal = {Physica Status Solidi (B) Basic Research},
keywords = {Carbides,Density functional theory,Elastic moduli,Elastic properties,Polycrystals,Superconductivity},
number = {1},
pages = {228--232},
title = {{Elastic properties of superconducting MAX phases from first-principles calculations}},
volume = {248},
year = {2011}
}
@article{Ivanovic2006,
author = {Ivanovi{\'{c}}, N. and Rodi{\'{c}}, D. and Koteski, V. and Radisavljevi{\'{c}}, I. and Novakovi{\'{c}}, N. and Marjanovi{\'{c}}, D. and Manasijevi{\'{c}}, M. and Koi{\v{c}}ki, S.},
doi = {10.1107/S010876810503764X},
issn = {01087681},
journal = {Acta Crystallographica Section B: Structural Science},
month = {feb},
number = {1},
pages = {1--8},
pmid = {16434787},
title = {{Cluster approach to the \ce{Ti2Ni} structure type}},
url = {http://scripts.iucr.org/cgi-bin/paper?S010876810503764X},
volume = {62},
year = {2006}
}
@book{simmons1971,
author = {Simmons, G and Wang, H},
edition = {2},
publisher = {M.I.T. Press},
title = {{Single crystal elastic constants and calculated aggregate properties: a handbook}},
year = {1971}
}
@article{Mulay2009,
author = {Mulay, R. P. and Agnew, S. R.},
doi = {10.1016/j.scriptamat.2009.08.024},
isbn = {1359-6462},
issn = {13596462},
journal = {Scripta Materialia},
keywords = {Cleavage plane,EBSD,Intermetallics,Magnesium,Rare earth},
number = {11},
pages = {1036--1039},
publisher = {Acta Materialia Inc.},
title = {{The fracture behavior of B2 structured MgR intermetallics}},
url = {http://dx.doi.org/10.1016/j.scriptamat.2009.08.024},
volume = {61},
year = {2009}
}
@article{Darot1985,
author = {Darot, M. and Gueguen, Y. and Benchemam, Z. and Gaboriaud, R.},
doi = {10.1016/0031-9201(85)90128-1},
journal = {Physics of the Earth and Planetary Interiors},
number = {3},
pages = {180--186},
title = {{Ductile-brittle transition investigated by micro-indentation: results for quartz and olivine}},
url = {http://linkinghub.elsevier.com/retrieve/pii/0031920185901281},
volume = {40},
year = {1985}
}
@article{Wang2013,
author = {Wang, Billie and {De Leon}, Nicholas and Weinberger, Christopher R. and Thompson, Gregory B.},
doi = {10.1016/j.actamat.2013.01.047},
isbn = {1359-6454},
issn = {13596454},
journal = {Acta Materialia},
keywords = {First-principles calculation,Modeling,Stacking fault energy,UHTC},
number = {11},
pages = {3914--3922},
title = {{A theoretical investigation of the slip systems of \ce{Ta2C}}},
volume = {61},
year = {2013}
}
@article{Yasuda1992,
author = {Yasuda, H and Takasugi, T and Koiwa, M},
doi = {10.1016/0956-7151(92)90312-3},
issn = {09567151},
journal = {Acta metallurgica et materialia},
number = {2},
pages = {381--387},
title = {{Elasticity of Ni-based $L1_2$-type intermetallic compounds}},
volume = {40},
year = {1992}
}
@article{Farle2015,
author = {Farle, Ann Sophie and Kwakernaak, Cees and van der Zwaag, Sybrand and Sloof, Willem G.},
doi = {10.1016/j.jeurceramsoc.2014.08.046},
isbn = {0955-2219},
issn = {09552219},
journal = {Journal of the European Ceramic Society},
keywords = {Adhesion,Crack filling,MAX-phase ceramics,Selective oxidation,Self-healing},
month = {jan},
number = {1},
pages = {37--45},
publisher = {Elsevier Ltd},
title = {{A conceptual study into the potential of \ce{M_{n+1}AX_{n}}-phase ceramics for self-healing of crack damage}},
url = {http://linkinghub.elsevier.com/retrieve/pii/S0955221914004750},
volume = {35},
year = {2015}
}
@article{Stein2004,
author = {Stein, F. and Palm, M. and Sauthoff, G.},
doi = {10.1016/j.intermet.2004.02.010},
isbn = {0966-9795},
issn = {09669795},
journal = {Intermetallics},
keywords = {A. Intermetallics,A. Laves phases,B. Bonding,B. Phase transformation,miscellaneous},
month = {jul},
number = {7-9 SPEC. ISS.},
pages = {713--720},
title = {{Structure and stability of Laves phases. Part I. Critical assessment of factors controlling Laves phase stability}},
url = {http://linkinghub.elsevier.com/retrieve/pii/S0966979504000500},
volume = {12},
year = {2004}
}
@article{Rowcliffe1971,
author = {Rowcliffe, D. J. and Hollox, G. E.},
doi = {10.1007/BF00552040},
issn = {0022-2461},
journal = {Journal of Materials Science},
month = {oct},
number = {10},
pages = {1270--1276},
title = {{Hardness anisotropy, deformation mechanisms and brittle-to-ductile transition in carbide}},
url = {http://link.springer.com/10.1007/BF00552040},
volume = {6},
year = {1971}
}
@article{Volterra1907,
author = {Volterra, Vito},
doi = {10.24033/asens.583},
issn = {0012-9593},
journal = {Annales scientifiques de l'{\'{E}}cole normale sup{\'{e}}rieure},
pages = {401--517},
title = {{Sur l'\'{e}quilibre des corps {\'{e}}lastiques multiplement connexes}},
url = {http://www.numdam.org/item?id=ASENS_1907_3_24__401_0},
volume = {24},
year = {1907}
}
@article{Hu2016,
author = {Hu, Hai and Wu, Xiaozhi and Wang, Rui and Li, Weiguo and Liu, Qing},
doi = {10.1016/j.jallcom.2015.10.270},
issn = {09258388},
journal = {Journal of Alloys and Compounds},
keywords = {Elastic constants,First principles,Phase stability,TiAl},
month = {feb},
pages = {689--696},
publisher = {Elsevier B.V},
title = {{Phase stability, mechanical properties and electronic structure of TiAl alloying with W, Mo, Sc and Yb: First-principles study}},
url = {http://dx.doi.org/10.1016/j.jallcom.2015.10.270 http://linkinghub.elsevier.com/retrieve/pii/S0925838815315267},
volume = {658},
year = {2016}
}
@book{love1920,
address = {Cambridge},
author = {Love, A E H},
edition = {3},
publisher = {Cambridge University Press},
title = {{A Treatise on the Mathematical Theory of Elasticity}},
year = {1920}
}
@article{Tersoff1988,
author = {Tersoff, J.},
doi = {10.1103/PhysRevB.37.6991},
isbn = {0163-1829},
issn = {0163-1829},
journal = {Physical Review B},
month = {apr},
number = {12},
pages = {6991--7000},
pmid = {9943969},
title = {{New empirical approach for the structure and energy of covalent systems}},
url = {https://link.aps.org/doi/10.1103/PhysRevB.37.6991},
volume = {37},
year = {1988}
}
@article{VonKeitz2002,
author = {{Von Keitz}, Armin and Sauthoff, Gerhard},
doi = {10.1016/S0966-9795(02)00025-0},
file = {:C\:/Users/Rob/Documents/Mendeley Desktop/Von Keitz, Sauthoff_2002_Laves phases for high temperatures - Part II Stability and mechanical properties.pdf:pdf},
isbn = {4921167923},
issn = {09669795},
journal = {Intermetallics},
keywords = {A. Laves phases,B. Mechanical properties at ambient temperature,B. Mechanical properties at high temperatures},
number = {5},
pages = {497--510},
title = {{Laves phases for high temperatures - Part II: Stability and mechanical properties}},
url = {http://www.sciencedirect.com/science/article/pii/S0966979502000250},
volume = {10},
year = {2002}
}
@misc{Artacho2016,
author = {Artacho, Emilio and Cela, Jos\'{e} Mar\'{i}a and Gale, Julian D and Garc\'{i}a, Alberto and Junquera, Javier and Martin, Richard M and Ordej\'{o}n, Pablo and Daniel, S\'{a}nche-Portal and Soler, Jos\'{e} M.},
booktitle = {URL: \url{https://departments.icmab.es/leem/siesta/Documentation/}},
pages = {1996--2016},
title = {{SIESTA 4.0 -- User's Guide}},
url = {https://departments.icmab.es/leem/siesta/Documentation/},
year = {2016}
}
















@incollection{hirth_lothe1982peierls_displacements,
author = {Hirth, John Price and Lothe, Jens},
booktitle = {Theory of Dislocations},
chapter = {8},
edition = {2},
pages = {201--250},
publisher = {John Wiley \& Sons, Ltd},
title = {{The influence of lattice periodicity}},
year = {1982}
}




@article{Music2008,
author = {Music, Denis and Schneider, Jochen M},
doi = {10.1088/0953-8984/20/5/055224},
isbn = {0950083001763},
issn = {0953-8984},
journal = {Journal of Physics: Condensed Matter},
number = {5},
pages = {055224},
title = {Elastic properties of \ce{Sr_{n+1}Ti_{n}O_{3n+1}} phases ({$n=$}1--3, {$\infty$})},
volume = {20},
year = {2008}
}
















